3352 4996
768 423 984 483 -p4..

380 618 419 682 In
443 615 643 698 panegyrico
676 615 716 680 de
741 620 835 680 sexto
860 617 1035 682 consulatu
1058 616 1196 682 Honorii
1227 616 1314 682 dicto
1339 637 1460 699 paucos

292 729 422 790 tantum
439 724 528 789 locos
545 728 766 806 congruentes
781 722 901 789 inveni.
939 724 1008 789 Neo
1023 723 1057 788 id
1073 723 1197 789 mirum.
1232 725 1314 790 Nam
1331 729 1462 807 poetam

293 831 377 896 idem
410 849 537 913 semper
571 835 721 912 repetere
753 835 853 910 atque
883 829 1007 895 iterare
1041 849 1105 896 non
1138 830 1293 912 oportuit.
1345 832 1463 914 Itaque

294 937 494 1003 Claudianus
519 936 676 1018 imprimis
701 936 821 1002 bellum
846 942 963 1002 contra
980 937 1145 1003 Alaricum
1171 943 1301 1021 gestum
1322 944 1356 1004 et
1376 959 1463 1021 pom·

293 1065 365 1126 pam
393 1045 596 1110 consularem
620 1045 681 1109 hoc
705 1043 907 1128 panegyrico
933 1045 1100 1110 celebrare
1125 1044 1307 1111 constituit.
1354 1048 1463 1128 Atque

295 1153 371 1217 dum
400 1151 480 1217 illud
505 1152 623 1216 bellum
656 1151 818 1231 illustrat,
850 1151 1030 1217 Eridanum
1061 1152 1179 1228 flumen
1211 1153 1398 1234 loquentem
1430 1158 1465 1219 et

295 1258 480 1340 superbiam
505 1258 779 1339 insolentiamque
804 1258 928 1324 Alarici
953 1259 1194 1342 vituperantem
1225 1259 1308 1325 facit
1331 1266 1464 1327 secutus

295 1368 356 1432 hoc
378 1370 587 1448 praeculum:
613 1363 765 1428 ἐνταῦθα
788 1363 904 1446 καιρὸν
927 1357 1012 1440 ἕξεις
1034 1367 1089 1428 καὶ
1114 1365 1241 1431 ἀνεῖναι
1260 1365 1345 1429 κατὰ
1360 1366 1465 1448 μέσον

296 1472 467 1554 τὸνλόγον
484 1524 491 1538 .
505 1524 512 1539 .
526 1524 533 1539 ,
549 1473 605 1534 καὶ
622 1470 734 1556 (μονὴν
753 1473 913 1555 καθάπερ
932 1472 966 1537 ἓν
983 1473 1129 1557 δράματι
1144 1470 1164 1558 ἢ
1182 1474 1272 1559 χώρᾳ
1287 1470 1307 1559 ἢ
1325 1477 1465 1556 ποταμῷ

296 1579 517 1661 περιτιθέναι.
564 1579 716 1644 Addendi
748 1586 826 1645 sunt
857 1579 890 1644 hi
920 1580 984 1645 loci
1016 1580 1071 1660 qui
1094 1581 1183 1646 inter
1213 1600 1249 1646 se
1273 1581 1343 1646 sine
1368 1581 1464 1646 dubio

296 1704 360 1750 non
378 1684 588 1752 dissentiunt.
624 1688 707 1751 Meu.
726 1707 755 1768 p.
771 1692 850 1753 374:
876 1679 926 1750 ὅτι
951 1685 1080 1762 αὐτὸς
1103 1681 1143 1772 ἧν
1161 1686 1177 1750 ὁ
1196 1688 1465 1769 δίαταττόμενος,

297 1791 396 1865 αὐτὸς
421 1791 437 1854 ὁ
464 1797 662 1880 στρατηγῶν.

386 1899 498 1967 Claud.
524 1919 577 1967 vv,
603 1899 743 1982 alsslllz

428 2008 524 2089 Ipse
548 2026 647 2072 manu
670 2009 864 2073 metuendus
890 2009 986 2074 adest
1010 2009 1207 2091 inopinaque
1231 2009 1359 2075 cunctis

428 2113 571 2179 Instruit
595 2133 687 2179 arma
711 2114 791 2180 locis
816 2135 882 2196 eqs,
1427 2109 1430 2115 ’

386 2223 471 2287 Men.
488 2242 518 2303 p.
537 2227 616 2286 373:
642 2220 683 2283 σύ
699 2219 760 2302 μὲν
776 2220 852 2294 τοὺς
877 2221 1006 2285 ἐκείνων
1029 2221 1148 2303 λόχους
1170 2223 1225 2284 καὶ
1248 2222 1308 2296 τὰς
1332 2222 1467 2305 ἐνέδρας

255 2321 260 2335 ’
298 2326 354 2390 διὰ
378 2327 540 2415 φρόνησιν
564 2326 741 2409 ἐγίνωσκες,
768 2326 884 2391 ἰκτῖνοι
909 2327 946 2392 δὲ
971 2333 1037 2393 των
1060 2327 1128 2392 ὑπὸ
1151 2333 1212 2393 σοῦ
1230 2328 1467 2413 πραττομένων

201 2465 207 2472 ·
298 2433 395 2497 οὐδὲν
419 2440 586 2512 συνίεσαν.

385 2542 498 2608 Claud.
523 2562 576 2610 vv,
602 2541 740 2625 235l36:

317 2723 319 2727 v
388 2682 392 2688 ·
431 2649 528 2716 Cuius
554 2649 722 2716 consilium
749 2669 812 2714 non
840 2670 989 2730 umquam
1014 2651 1160 2732 repperit
1184 2650 1289 2716 hostis

428 2757 496 2821 Nec
518 2759 627 2838 potnit
651 2758 776 2823 texisse
801 2777 903 2822 surum.

386 2864 543 2945 Superest
579 2871 616 2930 ut
647 2866 859 2947 explicemus,
893 2865 1051 2944 quomodo
1081 2864 1281 2929 Claudianus
1309 2865 1343 2929 in
1372 2867 1468 2932 laude

297 2971 440 3036 Serenae
466 2971 703 3036 conscribenda
720 2972 935 3036 Menandrum
960 2976 1093 3036 secutus
1117 2971 1170 3036 sit.
1211 2971 1275 3036 Sed
1297 2992 1337 3037 ue
1355 2973 1468 3039 eadem

297 3079 399 3143 verba
416 3078 494 3142 mihi
512 3097 640 3159 semper
656 3079 873 3143 exscribenda
887 3077 963 3157 sint,
980 3079 1068 3143 locos
1086 3084 1306 3161 congruentes
1322 3079 1469 3145 breviter

297 3185 444 3250 indicare
467 3185 583 3250 liceat:
615 3184 767 3268 τὸγένος
792 3186 980 3251 celebratur
1002 3185 1035 3250 in
1061 3205 1113 3253 vu.
1139 3190 1279 3267 34-49‚
1303 3185 1323 3270 ἡ
1348 3187 1468 3270 πατρὶς

300 3298 440 3372 50-69,
472 3291 514 3355 τὰ
540 3296 661 3376 σημεῖα
682 3292 725 3354 cri
750 3293 827 3376 περὶ
850 3291 909 3355 τὸν
932 3294 1030 3356 τόκον
1054 3299 1253 3359 enarrantur
1278 3300 1417 3375 70-85‚
1449 3293 1466 3378 ἡ

298 3397 470 3482 ἀνατροφῇ
504 3399 689 3481 explicatur
712 3406 875 3480 86-145,
909 3399 926 3484 ἦ
953 3401 1091 3463 παιδεία
1119 3400 1258 3481 denique
1285 3407 1467 3468 rao-159.

298 3505 350 3570 En
374 3507 578 3587 praeclarum
603 3506 775 3571 Claudiani
798 3507 994 3571 imitationis
1018 3508 1216 3589 exemplum!

388 3614 481 3678 Nunc
504 3619 677 3694 postquam
703 3613 915 3679 Claudianum
946 3614 978 3678 in
1003 3614 1214 3696 panegyricis
1239 3615 1469 3696 componendis

300 3720 473 3786 Menarudri
508 3726 687 3804 praecepta
718 3723 914 3787 observasse
946 3722 1172 3786 demonstrare
1208 3721 1319 3786 conati
1350 3741 1469 3802 snmus

300 3828 341 3891 ad
367 3826 580 3908 epithalamia
612 3828 682 3893 eins
714 3833 936 3907 transeamus,
968 3828 1143 3909 inquibus
1175 3846 1247 3892 eum
1275 3847 1338 3892 non
1363 3829 1469 3894 minus

300 3937 473 4000 erhetore
504 3935 646 4018 pendere
678 3931 903 4018 videbimus1).
951 3936 1000 4000 Ac
1024 3935 1160 4018 primum
1193 3935 1322 4016 quidem
1354 3935 1406 4001 hic
1429 3937 1469 4001 de

391 4109 418 4178 1)
438 4114 554 4168 Statium
574 4131 682 4182 quoque
705 4115 734 4168 in
753 4113 933 4181 epithalamio
948 4115 1049 4168 Stellae
1070 4120 1100 4169 et
1118 4114 1296 4168 Violentillae
1321 4119 1471 4182 praecepta

300 4192 439 4248 rhetorica
458 4199 582 4248 secutum
601 4211 661 4248 esse
680 4211 734 4247 nno
754 4194 839 4248 verbo
859 4195 995 4248 monuisse
1015 4195 1123 4249 sufficit.
1161 4194 1194 4248 cf.
1215 4209 1284 4262 quae
1303 4195 1425 4248 Vollmer
1442 4195 1470 4248 in

302 4273 345 4326 ed.
365 4274 434 4329 Stat.
454 4292 479 4343 p.
499 4277 552 4328 234
570 4276 603 4328 de
623 4275 673 4328 hac
692 4291 721 4328 re
741 4273 900 4341 disputavit.
