3352 4996
700 376 919 436 ,51-

310 562 373 629 His
409 564 519 630 verbis
552 564 711 646 Synesius
743 564 921 630 Arcadium
955 564 1166 645 adhortatur,
1202 571 1239 631 ut
1270 567 1398 631 luxuria

222 671 373 754 deposita
403 656 531 753 priscos
562 691 668 737 mores
700 673 920 737 Romanorum
951 677 1094 738 revocet.
1148 673 1272 738 Eodem
1303 659 1397 740 modo

222 777 423 843 Claudianus
447 778 626 844 Honorium
653 778 816 859 admonet,
848 783 886 843 ut
908 777 1035 859 priscos
1060 779 1208 846 imitetur
1231 781 1397 847 Romanos

222 885 255 949 iu
280 905 334 952 vv.
359 891 544 952 396-418.

313 993 427 1074 SyneS.
454 1014 523 1077 cap.
549 1000 607 1059 31:
637 992 731 1058 Ἀλλὰ
757 995 798 1057 σύ
823 1019 874 1058 τοι
898 999 988 1057 ποίει
1021 993 1167 1080 ζηλωτὸν
1191 993 1314 1079 ἀρετήν
1336 994 1399 1061 κᾶν

224 1105 322 1183 πενίην
339 1106 437 1185 συνῇ·
461 1100 504 1184 μη
523 1099 721 1164 λανθανέτω
746 1120 784 1164 σε
802 1101 962 1188 φρόνησις
987 1100 1108 1184 ἀνδρὸς
1130 1103 1186 1166 καὶ
1204 1102 1399 1190 δικαιοσύνη

222 1206 277 1267 καὶ
299 1205 315 1268 o
338 1205 455 1280 λοιπὸς
472 1207 572 1290 ε’σμύς
589 1213 653 1271 τοῖν
669 1212 818 1293 ψυχικῶν
835 1206 973 1290 ἀγαθῶν
991 1207 1114 1292 ἐσθῆτι
1131 1208 1242 1294 φαύλη
1257 1210 1398 1290 κρυπτύ-

221 1335 336 1392 μενος,
371 1313 442 1375 ἀλλ’
467 1307 570 1378 ἕλκειν
594 1339 630 1378 τε
654 1315 758 1379 αύτὸν
782 1315 817 1379 ἐν
840 1315 935 1397 μέσῳ
957 1315 1012 1377 καὶ
1040 1314 1156 1390 ἀξιοῦν
1180 1318 1400 1401 δημοσιεῦσαι

222 1417 282 1500 την
306 1419 443 1506 ἀρετὴν,
475 1420 515 1506 ἣν
540 1423 596 1486 ούκ
620 1420 716 1498 ἄξιον
741 1421 912 1506 οἰκουρεῖν,
943 1420 1014 1484 ἀλλ’
1038 1415 1211 1504 ύπαιθρον
1235 1414 1399 1485 εἶναικαὶ

218 1523 409 1610 ε’ναγώνιον.

312 1633 425 1704 Claud.
451 1638 491 1702 de
515 1657 602 1705 cons.
627 1638 699 1704 Stil.
723 1637 778 1704 lib.
802 1639 845 1704 H.
869 1657 922 1704 vv.
950 1642 1011 1702 121
1038 1656 1120 1717 seq.:

837 1746 908 1810 Nou
934 1746 1053 1810 obruta
1077 1743 1185 1811 virtus

355 1853 559 1933 Paupertate
583 1853 677 1918 latet.
724 1853 846 1918 Lectos
872 1872 911 1917 ex
936 1851 1085 1916 omnibus
1110 1850 1177 1916 oris

355 1958 479 2025 Evehis
504 1965 538 2024 et
561 1960 721 2038 meritum,
746 1979 811 2024 nou
835 1979 919 2039 quae
945 1960 1116 2039 cunabula,
1142 1956 1274 2039 quaeris

355 2066 401 2130 Et
425 2067 540 2148 qualis
565 2087 628 2132 uon
654 2068 739 2132 uude
764 2073 867 2132 satus.

223 2172 264 2237 cf.
288 2192 341 2239 vv.
370 2180 559 2240 lae-131:

535 2282 713 2364 opibusque
737 2282 841 2348 fluens
867 2290 899 2347 et
924 2300 1049 2364 pauper
1072 2281 1185 2345 eodem

356 2388 483 2452 Nititur
507 2390 548 2454 ad
573 2389 715 2454 fructum
741 2389 860 2469 studio,
885 2408 956 2454 cum
982 2393 1096 2453 cernat
1120 2393 1258 2468 uterque

357 2494 451 2577 Quod
475 2514 535 2560 uec
559 2495 652 2577 inops
677 2497 787 2562 iaceat
809 2496 960 2579 probitas
985 2515 1045 2560 neo
1068 2495 1190 2559 inertia
1214 2500 1333 2577 surgat

357 2601 504 2668 Divitiis

315 2709 515 2774 Themistius
540 2710 618 2789 περὶ
642 2708 900 2792 φιλανθρωπίας
923 2731 953 2792 p.
971 2716 989 2775 9
1009 2710 1057 2775 ed.
1076 2708 1239 2774 Dindorf.:
1267 2713 1400 2792 Τοιγαρ-

225 2819 283 2878 οῦν
321 2814 338 2876 ῦ
374 2814 436 2895 μὲν
478 2815 555 2878 οὐδὲ
592 2811 684 2890 ἄξιος
730 2811 774 2878 olo
808 2817 960 2898 βιάζεται
998 2815 1058 2900 τὴν
1104 2813 1262 2900 τοιαύτην
1301 2813 1399 2898 τιμην

224 2923 284 3007 (so,
309 2921 388 2995 νεώς
410 2924 465 2984 καὶ
490 2921 690 3008 ἀγάλματα),
717 2922 733 2985 ὃ
759 2922 796 2986 δὲ
820 2926 875 2987 καὶ
899 2920 992 2998 ύξιος
1017 2919 1061 2985 ὢν
1085 2921 1143 2984 οῦκ
1166 2921 1286 2988 ἐθέλει.

312 3030 424 3096 Claud.
449 3031 489 3096 de
514 3050 601 3096 cous.
628 3031 699 3098 Stil.
724 3033 766 3098 Π.
792 3052 844 3099 vu
873 3036 1040 3097 178-81:

865 3139 938 3220 quis
963 3137 1078 3204 devius
1103 3142 1194 3203 esset

360 3247 509 3328 Artgulus
534 3252 592 3311 aut
615 3246 716 3329 regio,
743 3265 827 3327 quae
851 3265 915 3311 non
940 3265 998 3328 pro
1023 3244 1154 3311 numine
1178 3245 1291 3310 vultus

358 3352 505 3418 Dilectus
531 3355 663 3434 coleret,
688 3353 787 3418 talem
811 3352 845 3418 ui
869 3372 997 3435 semper
1021 3353 1176 3418 honorem

356 3459 568 3543 Respuercs‘?

225 3573 259 3632 et
283 3588 314 3635 v.
342 3574 421 3632 183:

357 3673 421 3739 Hic
445 3675 535 3740 solus
560 3673 725 3756 sprevisse
749 3680 870 3757 potest,
895 3673 951 3754 qui
974 3673 1044 3738 iure
1068 3677 1221 3738 meretur.

314 3781 423 3847 Them.
456 3779 696 3864 προτρεπτικὸς
729 3779 992 3862 Ούαλεντινιανῷ
1022 3781 1081 3846 ΙΧ.
1105 3801 1135 3862 p.
1163 3783 1239 3844 144:
1271 3779 1326 3841 καὶ
1358 3768 1398 3840 οῦ

224 3886 447 3950 καταλύουσιν
479 3886 511 3949 οἱ
540 3886 582 3950 τὰ
614 3888 760 3972 μήκιστα
791 3887 1017 3974 αὐξηθέντες,
1054 3886 1214 3949 ἐντεῦθεν
1246 3884 1286 3948 σύ
1319 3907 1399 3966 προ-

226 3994 367 4078 οιμιύζῃ.

314 4101 426 4168 Claud.
450 4122 525 4184 pan.
550 4104 646 4170 Prob.
671 4109 704 4168 et
729 4104 842 4185 Olybr.
865 4122 896 4169 v.
922 4109 980 4168 67:

560 4216 563 4221 ’
737 4208 893 4292 coepistis
918 4228 979 4289 quo
1003 4208 1078 4274 fiuis
1103 4213 1185 4274 erat.
