3352 4996
802 420 1021 479 *26*

329 614 503 674 243—250
541 628 618 674 usus
655 615 715 674 est.
774 611 885 690 Neque
920 613 1030 674 tamen
1069 609 1101 673 in
1139 610 1368 692 comparandis
1404 611 1498 677 novis

327 713 469 795 maritis,
505 723 542 781 ut
573 717 646 782 vult
678 716 872 794 Menander,
908 716 997 781 illam
1032 717 1138 798 legem
1171 716 1336 795 adhibuit,
1372 718 1431 782 sed
1464 717 1498 781 in

326 821 526 888 illustranda
543 822 670 888 Mariae
694 827 728 887 et
745 821 889 888 Serenae
905 828 1093 888 venustate.
1133 825 1226 888 Nuuo
1243 823 1284 888 ad
1301 830 1497 904 postremum

327 930 433 994 locum
465 929 627 1010 venimus,
663 928 694 993 in
729 948 791 1009 quo
823 929 863 994 de
895 928 958 994 diis
990 929 1195 1012 nuptialibus
1231 930 1394 1012 agendum
1426 950 1499 996 esse

328 1036 510 1100 Menander
537 1041 659 1102 censet.
699 1035 790 1100 Dicit
813 1035 914 1100 enirn:
939 1037 1096 1116 τέταρτος
1120 1037 1224 1109 τόπος
1246 1037 1337 1100 ἐστὶν
1354 1035 1423 1099 ἀπὸ
1441 1043 1500 1100 τοῦ

327 1143 405 1223 περὶ
421 1140 480 1205 τὸν
495 1142 655 1223 θάλαμον
671 1143 726 1204 καὶ
744 1142 924 1214 παστάδας
941 1139 1042 1215 orode
1057 1142 1233 1228 γαμηλίους
1250 1141 1344 1226 ἐρεῖν.
1374 1143 1499 1226 Quibus

328 1268 398 1314 oum
431 1249 542 1316 verbis
567 1250 740 1314 Menandri
773 1249 800 1314 si
825 1248 997 1314 Claudiani
1022 1249 1276 1330 enarrationem,
1309 1270 1392 1332 quae
1424 1270 1499 1316 cou-

327 1355 453 1421 tinetur
487 1376 540 1423 vv.
574 1362 763 1436 abl-227,
798 1355 992 1435 contuleris,
1028 1375 1091 1422 non
1128 1356 1295 1422 dubitabis
1332 1357 1409 1438 quin
1444 1357 1499 1422 ille

328 1462 427 1528 etiarn
452 1465 514 1528 hac
545 1462 578 1527 in
602 1482 638 1528 re
662 1483 683 1528 a
705 1464 838 1528 rhetore
862 1463 1014 1545 pendeat.
1061 1464 1172 1544 Neque
1204 1463 1287 1529 enirn
1321 1464 1501 1530 abhorrent

328 1589 445 1636 versus
469 1571 556 1652 eJ'us:

460 1678 510 1742 Tu
533 1675 649 1757 festas,
674 1677 932 1759 Hymenaee,
957 1677 1092 1756 faoeS,
1117 1683 1154 1743 tu
1178 1677 1307 1758 Gratia,
1331 1677 1437 1758 florea,

460 1782 567 1866 Elige,
590 1790 627 1848 tu
652 1784 811 1866 geminas,
836 1783 1027 1863 Concordia,
1051 1789 1147 1849 neote
1172 1803 1311 1850 coronas

328 1927 348 1973 a
371 1907 483 1974 Verbis
500 1908 689 1974 Menandri:
710 1907 934 1989 Ὑμέναιος
959 1906 996 1972 δὲ
1018 1907 1143 1992 ἀνάψει
1166 1907 1399 1990 λαμπάδας
1423 1908 1502 1993 ἡμῖν

326 2015 382 2077 καὶ
406 2016 543 2098 δᾷδας
565 2015 621 2078 καὶ
644 2014 804 2098 γαμήλιον
828 2019 905 2099 πῦρ.

416 2139 555 2205 Accedit
579 2140 664 2220 quod
680 2139 713 2204 in
732 2145 879 2205 extrema
896 2147 991 2222 parte
1010 2141 1163 2206 carminis
1184 2143 1245 2206 hoo
1260 2142 1498 2224 praescriptum

327 2247 501 2312 Menandri
533 2247 699 2315 servavit:
736 2239 807 2309 εἷ’τα
839 2245 882 2320 εἰς
915 2247 1012 2328 εὐχὰς
1041 2250 1283 2332 καταστρέψας
1311 2247 1371 2310 τὸν
1394 2248 1498 2331 λόγον.

326 2353 408 2418 Nam
435 2373 565 2419 carmen
590 2355 660 2420 eius
685 2354 809 2420 excidit
832 2354 865 2418 in
890 2357 972 2420 haec
996 2361 1092 2420 vota:

463 2478 517 2545 Sic
540 2500 621 2561 puer
644 2479 827 2546 Eucherius
853 2486 987 2562 superet
1010 2479 1135 2547 virtute
1158 2486 1343 2562 parentem;

460 2586 572 2651 Aurea
598 2587 645 2652 sio
669 2587 783 2654 videat
808 2587 931 2652 similes
955 2587 1170 2652 Thermantia
1193 2588 1327 2669 taedas,

461 2692 515 2758 Sic
539 2699 652 2759 uterus
677 2701 807 2759 crescat
831 2694 972 2775 Mariae,
997 2694 1045 2759 sic
1069 2699 1168 2759 natus
1192 2694 1225 2759 in
1251 2699 1341 2760 ostro

461 2802 590 2866 Parvus
614 2801 822 2866 Honoriades
847 2801 987 2883 genibus
1013 2801 1164 2866 considat
1188 2801 1299 2868 avitis

416 2927 483 2990 Neo
507 2945 585 2991 vero
610 2925 644 2991 iu
669 2925 885 3008 dispositione
910 2926 1012 2990 solum
1039 2927 1253 2991 Menandrum
1279 2932 1412 2992 secutus
1437 2932 1498 3006 est,

328 3033 386 3096 sed
417 3031 515 3096 etiam
548 3031 581 3096 hi
613 3032 735 3114 singuli
770 3033 834 3098 loci
869 3032 1116 3098 similitudinem
1152 3033 1314 3114 quandam
1349 3053 1429 3115 prae
1465 3053 1499 3098 se

326 3137 447 3204 ferunt.
501 3139 585 3204 Men.
618 3134 639 3222 ἢ
671 3140 748 3222 περὶ
777 3137 856 3212 Διὸς
886 3138 1050 3222 γήμαντος
1081 3137 1141 3222 τήν
1166 3138 1339 3226 Εὐρώπην.
1387 3139 1498 3205 Claud.

329 3244 466 3328 rmus:

873 3335 1035 3400 lterumre
1059 3335 1242 3399 Tonantem

462 3442 554 3506 luter
579 3441 732 3507 Sidonias
757 3441 848 3524 cogis
873 3442 998 3524 mugire
1022 3441 1205 3508 iuvencas?

416 3576 501 3640 Men.
535 3573 606 3637 ἀλλ’
633 3567 683 3637 ὅτι
706 3575 762 3637 καὶ
785 3575 881 3657 μέχρι
906 3579 1018 3662 πηγῶν
1048 3576 1103 3637 καὶ
1135 3579 1295 3655 ποταμῶν
1330 3577 1500 3654 διικνεῖται

328 3681 344 3744 ὃ
369 3681 451 3755 θεὸς
474 3683 531 3744 καὶ
554 3685 679 3768 νηκτῶν
701 3683 757 3744 καὶ
780 3687 943 3763 χερσαίων
965 3682 1020 3744 καὶ
1045 3680 1163 3763 ἀερίων
1196 3686 1229 3746 ei
1252 3701 1327 3746 mox
1359 3683 1437 3763 περὶ
1462 3681 1499 3744 δὲ

326 3792 391 3851 τῶν
422 3792 547 3873 νηκτοῖν
582 3787 684 3870 δῆλον
716 3787 777 3871 γὰρ
803 3781 853 3850 ὅτι
883 3789 938 3850 καὶ
962 3787 1046 3850 αὐτὰ
1079 3788 1121 3850 τὰ
1148 3790 1216 3863 ζῶα
1249 3788 1291 3850 τὰ
1322 3788 1407 3851 κατὰ
1439 3787 1500 3872 τῂν

327 3894 505 3957 θάλατταν
528 3893 663 3978 τελετήν
689 3887 759 3958 οἶδε
782 3895 899 3977 γάμον,
923 3896 978 3956 καὶ
1002 3893 1044 3957 τα
1062 3898 1203 3976 χερσαῖα
1226 3896 1280 3958 καὶ
1304 3894 1499 3960 adornamui

327 4000 450 4067 πάντα.
496 4002 609 4067 Claud.
634 4022 687 4069 vv.
714 4008 897 4067 aaa-293.

415 4135 492 4201 Jarn
516 4137 657 4202 alterum
682 4136 927 4218 epithalamium
951 4138 1101 4202 Palladio
1127 4143 1160 4202 et
1183 4135 1353 4203 Celerinae
1377 4137 1498 4201 dictum

327 4240 382 4321 qui
412 4242 606 4325 perlegerit,
638 4245 700 4308 boc
730 4263 862 4332 carmen
886 4243 935 4308 illi
959 4245 1043 4324 quod
1076 4243 1169 4308 modo
1203 4243 1421 4308 tractavimus
1456 4243 1496 4306 si-
