3352 4996
680 436 896 496 -27-

203 629 369 694 millimum
417 646 490 692 esse
532 646 596 691 non
640 625 787 710 negabit.
849 625 1066 708 Quamobrem
1109 623 1286 690 verisimile
1324 629 1376 690 est

203 736 418 801 Claudianum
457 734 558 800 etiam
594 735 654 798 hoc
691 732 725 799 in
761 731 906 798 carmine
945 732 1166 814 componendo
1201 732 1375 798 Menandri

203 843 349 926 vestigia
371 841 543 924 pressisse.
589 841 638 905 Ac
661 840 799 922 primum
823 840 952 920 quidem
983 840 1017 906 in
1045 839 1253 922 praefatione
1284 838 1374 906 illum

203 951 244 1016 ad
268 952 350 1015 haec
375 948 546 1014 Menandri
572 948 674 1014 verba
697 951 850 1029 spectare
875 965 1059 1012 censemus:
1084 941 1103 1029 ἢ
1121 944 1182 1028 τὴν
1206 943 1316 1008 αἰτίαν
1340 943 1376 1007 ἓν

209 1055 321 1129 αὐτοῖς
347 1055 440 1136 ipah,
465 1053 507 1118 δι’
524 1051 565 1137 ἢν
581 1052 820 1137 παρελήλυθας
844 1051 901 1115 ἐπὶ
917 1051 955 1114 τὸ
972 1051 1087 1134 λέγειν,
1105 1104 1111 1118 .
1129 1103 1135 1118 .
1154 1103 1160 1118 .
1186 1044 1237 1113 ὅτι
1257 1047 1376 1134 ἔρανον

202 1159 387 1234 enodatioris
419 1160 508 1242 αὐτῷ
539 1158 748 1245 προειληφώς
773 1160 937 1244 πρότερον
968 1160 1111 1240 χάριτας.
1158 1157 1266 1223 Affert
1290 1157 1374 1223 ellim

202 1269 403 1334 Claudianus
436 1269 469 1332 in
500 1267 709 1350 praefatione
745 1286 893 1348 oausam,
929 1286 987 1332 cur
1020 1266 1267 1349 epithalamium
1299 1284 1374 1331 con·

202 1376 332 1441 diderit.
389 1375 516 1441 Deinde
551 1374 584 1438 in
619 1373 723 1456 prima
759 1374 913 1439 carminis
948 1381 1044 1456 parte
1078 1375 1305 1456 Hymenaeum
1341 1378 1375 1437 et

201 1485 361 1548 Venerem
386 1483 542 1548 celebrat.
587 1481 664 1546 Jam
689 1501 790 1563 supra
814 1482 1030 1548 Menandrum
1053 1482 1223 1563 postulare
1248 1479 1375 1547 andivi·

201 1609 282 1670 mus,
306 1597 343 1654 ut
366 1595 443 1672 post
461 1587 701 1670 praefationem
727 1588 766 1654 de
783 1589 974 1670 Hymenaeo
999 1593 1130 1671 agatur.
1177 1589 1245 1654 Nee
1268 1587 1375 1652 minus

201 1696 289 1762 illius
312 1702 491 1778 praecepta
515 1695 665 1762 servavit
688 1695 721 1760 iu
747 1715 800 1762 vv.
818 1701 958 1775 56-99,
981 1694 1014 1759 in
1040 1694 1157 1776 quibus
1182 1714 1253 1760 cum
1278 1713 1374 1776 spon-

202 1823 273 1869 sum
298 1802 459 1887 (ae-69)
485 1813 553 1868 tum
578 1821 732 1884 sponsam
759 1801 919 1887 (69-99)
945 1802 1097 1868 laudibus
1122 1801 1225 1868 effert.
1265 1803 1375 1883 Atque

202 1912 312 1978 eodem
344 1910 438 1976 modo
470 1911 647 1975 secundum
683 1915 894 1992 praeceptum
930 1910 970 1975 de
1002 1910 1147 1975 thalamo
1183 1908 1373 1975 exornando

202 2037 307 2084 sermo
339 2023 390 2082 est
422 2017 456 2081 in
480 2017 632 2083 versibus
659 2022 842 2082 116-123.
889 2017 1060 2082 Accedunt
1092 2015 1231 2097 denique
1255 2016 1288 2081 hi
1311 2015 1375 2081 loci

200 2145 281 2206 quos
305 2130 437 2207 poetam
461 2124 642 2189 Menandro
671 2129 807 2189 auctore
838 2123 1011 2206 scripsisse
1043 2129 1147 2206 patet.
1193 2123 1258 2189 Hic
1289 2123 1373 2188 enim

200 2231 363 2316 praecipit
387 2230 428 2303 ὡς
454 2222 534 2293 ὅταν
557 2230 706 2312 λέγωμεν,
731 2229 938 2314 ‹tract-plone
961 2227 1023 2312 μὲν
1048 2223 1106 2294 οὖν
1129 2229 1275 2314 ἡπόλις,
1301 2249 1374 2292 σνν-

202 2339 333 2422 ορτάζει
357 2338 394 2401 δὲ
419 2331 521 2416 ἅπας,
547 2338 633 2419 apud
656 2338 746 2403 illum
771 2339 927 2422 legimus:

788 2446 940 2511 Celerina
962 2466 1021 2528 per
1044 2464 1156 2511 omnes

334 2553 453 2618 Italiae
478 2552 609 2618 canitur
631 2558 760 2618 montes
785 2552 954 2633 omnisque
977 2552 1130 2618 maritum

336 2659 517 2724 Palladium
543 2661 723 2724 resonabat
748 2679 830 2744 ager

201 2765 343 2846 itemque
368 2766 540 2831 Menandri
566 2768 683 2832 verba:
716 2772 884 2846 πείθομαι
908 2765 946 2830 δὲ
970 2768 1025 2828 καὶ
1050 2762 1172 2849 ’ἔρωτας
1204 2767 1372 2844 παρεῖναι,

201 2871 288 2946 τόξα
327 2871 590 2955 ἐντειναμένους,
636 2873 718 2960 βέλη
759 2871 796 2937 δὲ
837 2873 1107 2957 ἐφαρμόττοντας
1147 2892 1211 2937 101
1250 2871 1372 2936 discor-

201 2980 282 3044 dant
314 2999 384 3045 cum
416 2980 457 3045 iis
490 3000 575 3061 quae
610 2981 750 3065 legimus
787 2982 873 3063 apud
905 2979 1121 3046 Claudianum
1157 2979 1191 3044 in
1221 2979 1373 3047 versibus

203 3092 385 3152 140-145.

287 3194 363 3259 Jam
395 3194 437 3258 ad
461 3195 556 3259 finem
589 3195 686 3261 huius
719 3195 1022 3278 disputatiunculae
1053 3195 1277 3278 pervenimus,
1309 3213 1373 3276 qua

200 3301 322 3381 aliquid
347 3301 502 3367 attulisse
526 3301 603 3367 mihi
628 3302 743 3368 videor
763 3303 805 3368 ad
822 3303 1052 3369 aestinandam
1069 3303 1242 3368 Claudiani
1266 3309 1371 3368 artem

198 3408 370 3490 poeticam.
430 3409 494 3474 Sed
530 3430 725 3492 quamquam
762 3411 815 3476 hic
849 3417 948 3492 poeta
984 3415 1018 3476 et
1053 3410 1302 3492 dispositionem
1338 3415 1373 3474 et

200 3517 320 3581 multas
346 3516 531 3581 sententias
556 3537 573 3582 e
597 3517 779 3583 Menandro
812 3516 1027 3599 deprompsit,
1060 3523 1169 3582 tamen
1195 3536 1275 3583 cave
1300 3535 1372 3581 eum

201 3621 262 3688 hac
286 3623 326 3687 de
350 3643 452 3689 causa
470 3625 565 3706 parvi
582 3626 715 3707 pendas.
755 3627 837 3690 Nam
854 3629 1034 3707 praecepta
1050 3624 1216 3690 rhetorica
1233 3625 1372 3707 exempli

199 3729 311 3812 gratia
334 3730 367 3795 in
392 3731 615 3813 epithalamiis
646 3732 695 3796 ita
719 3738 771 3797 est
796 3742 942 3812 secutus,
975 3736 1011 3796 ut
1035 3751 1075 3796 ea
1099 3732 1139 3796 de
1163 3731 1280 3812 quibus
1304 3731 1371 3796 Me-

198 3837 324 3901 nandro
357 3843 492 3902 auctore
525 3838 688 3920 agendum
720 3839 797 3919 luit,
833 3858 897 3905 non
930 3837 1074 3918 narrari,
1110 3839 1169 3903 sed
1200 3857 1268 3902 rem
1300 3837 1371 3921 geri

198 3963 333 4025 prorsus
358 3944 483 4010 videas
530 3946 642 4026 Neque
666 3946 772 4011 minus
797 3951 834 4011 ut
858 3945 947 4012 aliud
972 3947 1152 4028 exemplum
1170 3946 1314 4026 afferam,
1338 3945 1371 4010 in

198 4049 398 4132 panegyrico
416 4051 458 4116 de
473 4052 529 4117 IV.
546 4053 721 4117 consulatu
744 4053 882 4118 Honorii
907 4053 994 4120 dieto
1019 4053 1075 4118 illo
1091 4058 1268 4136 praecepto
1286 4053 1371 4134 quod

198 4161 251 4221 est
282 4157 322 4222 de
353 4157 549 4223 educatione
581 4163 649 4223 tam
681 4159 855 4241 eleganter
885 4178 963 4226 usus
995 4166 1060 4239 est,
1099 4167 1136 4226 11
1167 4159 1261 4241 quasi
1293 4166 1371 4226 ante

199 4263 310 4327 oculos
328 4271 458 4329 nostros
477 4263 658 4330 Honorinm
683 4271 815 4346 epatre
832 4266 1015 4332 Theodosio
1040 4266 1174 4331 educari
1191 4285 1371 4332 cernamus.
