3352 4996
408 579 485 642 Pac.
511 598 536 643 c.
564 584 619 644 12:

319 685 543 769 ,Credetne
568 686 629 750 hoc
653 684 728 750 olim
753 689 894 750 ventura
917 683 1200 767 posteritas'?’

409 863 453 929 Hi
477 883 558 945 qtios
583 864 682 930 attuli
707 863 880 928 Claudiani
904 863 966 929 loci
992 883 1063 928 cum
1086 883 1205 946 prosae
1230 863 1390 929 orationis
1414 884 1494 946 pan-

320 971 464 1054 egyricis
489 973 550 1036 hac
574 972 626 1036 vel
651 971 709 1035 illa
732 971 862 1035 ratione
887 990 1067 1052 congruere
1091 971 1168 1035 mihi
1187 970 1349 1036 videntur.
1387 973 1495 1052 Atque

321 1078 469 1161 plurimis
502 1079 631 1159 quidem
663 1078 743 1143 locis
774 1077 917 1142 imitatio
942 1077 1113 1143 Claudiani
1146 1077 1179 1142 in
1212 1078 1395 1143 elocutione
1423 1080 1497 1161 ipsa

321 1191 434 1252 exstat
465 1191 565 1267 atque
590 1186 724 1264 eminet,
757 1204 820 1250 non
853 1205 1018 1266 nunquam
1051 1192 1159 1250 autem
1193 1191 1291 1267 poeta
1323 1187 1495 1252 inornatos

320 1295 409 1359 locos
434 1299 601 1358 oratorum
625 1293 756 1375 poetica
780 1312 859 1358 usus
884 1292 1098 1358 exornatione
1127 1292 1275 1375 pluribus
1304 1293 1414 1358 verbis
1441 1314 1495 1358 ex-

319 1399 467 1483 plicavit,
492 1405 570 1464 sunt
587 1400 686 1464 etiam
703 1400 775 1480 loci,
801 1400 854 1481 qui
872 1400 974 1465 solum
992 1401 1077 1480 quod
1095 1401 1137 1464 ad
1154 1400 1352 1465 sententiam
1373 1401 1496 1467 attinet

320 1507 408 1572 inter
432 1526 467 1572 se
493 1506 711 1572 consentiant.

764 1791 867 1880 Caput
890 1793 1056 1880 quartum.

485 1936 618 2004 Quomodo
637 1935 796 1992 claudianus
816 1935 993 2005 panapyricos
1013 1937 1132 1992 Graecos
1151 1935 1271 1992 imitatus
1290 1936 1336 1992 sit.

409 2066 548 2129 Praeter
579 2064 798 2146 panegyricos
830 2064 952 2129 latinos
978 2064 1192 2130 Claudianum
1225 2065 1325 2130 etiam
1356 2085 1495 2149 graecos

320 2173 483 2237 imitatum
508 2192 581 2237 esse
604 2171 689 2236 idem
715 2172 839 2236 Birtius
865 2172 975 2237 docuit
999 2191 1069 2236 cum
1096 2172 1130 2236 in
1155 2172 1298 2237 editione
1323 2173 1496 2237 Claudiani

320 2301 350 2362 p.
368 2279 499 2345 LXXII
522 2286 590 2344 tum
615 2279 647 2343 in
664 2279 776 2344 libello
801 2280 988 2344 academico
1006 2279 1237 2361 Marpurgensi
1263 2285 1411 2344 a.1885:
1436 2280 1496 2362 ,De

310 2386 465 2466 moribus
498 2386 687 2451 christianis
719 2391 877 2467 quantum
906 2385 1097 2451 Stilichonis
1129 2392 1242 2452 aetate
1272 2387 1306 2451 in
1338 2388 1414 2451 aula
1437 2386 1495 2450 im-

319 2494 489 2575 peratoria
513 2493 710 2560 occidentali
726 2492 912 2560 valuerint!
952 2494 1024 2577 Qua
1048 2494 1079 2559 in
1099 2494 1323 2575 disputatione
1348 2494 1494 2577 pluribus

321 2601 431 2669 verbis
472 2601 624 2683 exposuit
663 2607 826 2682 quatenus
861 2601 1061 2666 Claudianus
1102 2621 1141 2666 ex
1178 2601 1316 2682 Synesio
1351 2601 1494 2683 pendere

320 2708 483 2774 videatur.
531 2707 595 2774 Sed
620 2728 691 2774 cum
715 2709 786 2790 ipse
810 2709 842 2772 in
867 2708 1075 2790 praefatione
1100 2708 1254 2773 editionis
1273 2708 1494 2774 Claudianeae

320 2836 397 2898 pag.
414 2816 517 2882 CCIH
533 2821 693 2897 optasset,
710 2823 746 2880 nt
765 2815 965 2881 exsisterent
983 2815 1036 2895 qui
1052 2815 1201 2897 pluribus
1218 2815 1316 2880 etiam
1335 2815 1494 2880 similibus

321 2923 536 2988 accumulatis
561 2923 726 2987 munirent
749 2925 852 2988 verba
869 2921 995 2987 tradita
1013 2923 1194 3001 Claudiani,
1219 2923 1323 2988 denuo
1349 2922 1495 2988 carmina

321 3030 390 3094 eius
422 3049 494 3094 cum
524 3029 736 3112 panegyricis
767 3029 937 3110 Aristidis,
970 3030 1113 3111 Synesii,
1145 3030 1331 3110 'themistii
1363 3029 1495 3094 Libanii

322 3156 511 3219 comparare
534 3138 688 3218 locosque
706 3144 926 3220 congruentes
944 3157 1008 3205 nno
1026 3144 1204 3220 conspectu
1221 3137 1494 3219 comprehendere

322 3244 488 3310 constitui.
529 3245 612 3309 Sunt
628 3265 707 3310 uero
730 3245 762 3309 hi
779 3245 851 3324 loci,
876 3264 1010 3326 quorum
1029 3245 1229 3310 Claudianus
1253 3245 1331 3309 milri
1347 3244 1495 3309 imitator

321 3351 453 3417 videtur
477 3351 657 3417 exstitisse.

410 3477 569 3542 Aristidis
598 3475 752 3558 ἐγκώμιον
771 3474 893 3561 Ῥώμης
924 3498 953 3559 p.
980 3483 1042 3541 323
1068 3478 1116 3542 ed.
1142 3477 1255 3542 Dind:
1288 3477 1364 3557 περὶ
1389 3467 1426 3557 ἧς
1450 3475 1493 3558 μη

322 3577 372 3647 ὅτι
396 3581 501 3646 εἰπεῖν
524 3582 609 3646 κατὰ
634 3580 693 3665 την
718 3581 818 3658 ἀξίαν
842 3580 944 3661 ἔστιν,
970 3581 1041 3644 dtt'
1066 3582 1135 3646 οὐδ’
1157 3581 1240 3646 ἰδεῖν
1265 3582 1366 3657 ἀξίως
1391 3580 1495 3665 αὐτὴν

323 3729 358 3737 -
381 3727 423 3736 -—
448 3695 496 3763 τίς
518 3689 579 3772 γὰρ
604 3685 645 3752 do
669 3689 819 3752 conclude
845 3688 928 3771 ὀρῶν
952 3689 1099 3772 κορυφὰς
1122 3689 1384 3774 κατειλημμένοις
1409 3684 1428 3773 ἢ

320 3801 379 3881 γῆν
403 3798 546 3879 τοσήνδε
570 3795 614 3869 εἰς
636 3800 716 3878 μιᾶς
739 3795 868 3870 πόλεως
891 3794 995 3877 ὄνομα
1020 3797 1233 3882 συνηγμένην,
1259 3787 1331 3858 εἶτα
1356 3794 1496 3878 ἀκριβῶς

320 3905 574 3968 καταθεασαιτο
600 3904 668 3966 ἀπὸ
695 3908 795 3976 ποίας
818 3903 972 3990 τοιαύτης
998 3907 1139 3976 σκοπιᾶς
1147 3927 1158 3980 ,·

411 4012 522 4077 Claud.
548 4013 587 4077 de
612 4031 699 4077 cons.
725 4011 797 4076 Stil.
821 4011 876 4076 lib.
901 4012 953 4077 ΙΙΙ
976 4030 1028 4078 νν.
1057 4017 1118 4075 130
1144 4029 1226 4091 seq.:

455 4119 605 4184 Proxime
629 4119 680 4185 dis
705 4119 827 4199 consul,
853 4123 970 4183 tantae
994 4118 1048 4199 qui
1072 4118 1232 4199 prospicis
1257 4117 1338 4198 urbi,

455 4227 527 4310 Qua
551 4227 630 4292 nilril
656 4227 689 4291 in
715 4226 814 4291 terris
839 4224 1067 4307 complectitur
1092 4225 1192 4290 altius
1217 4227 1341 4304 aether,

1650 4581 1651 4594 l

1650 4603 1651 4610 t

1650 4615 1651 4626 t

1650 4659 1651 4667 t

1649 4673 1650 4680 t

1250 4975 1375 4985 --m—
1393 4789 1652 4982 qq...]
