3352 4996
751 389 949 448 „g-

266 601 391 648 snmma
423 583 504 663 sint,
541 583 711 648 ostendam
744 588 854 648 tamen
886 581 996 649 inesse
1031 582 1183 647 laudibus
1215 582 1338 648 vestris
1370 582 1436 647 alia

265 691 399 773 majore.
446 689 538 772 Quae
561 689 665 772 igitur
695 689 754 755 illa
778 690 880 756 sunt?
911 690 1019 772 pietas
1051 695 1179 770 vestra,
1211 689 1436 755 sacratissime

264 795 451 878 imperator,
476 802 576 877 atque
599 794 762 862 felicitas?
1131 788 1133 791 ¹

355 906 441 971 Men.
473 902 563 986 (pag.
590 903 687 989 377):
720 901 873 988 εὐσέβεια
897 901 935 966 δὲ
958 901 978 988 ἡ
1003 901 1142 986 περὶτὰ
1167 905 1265 966 θεῖον
1287 898 1436 990 ηὔξηται.

265 1013 362 1078 Mam.
388 1011 430 1096 (c.
455 1012 507 1092 6):
539 1012 631 1095 ‘Nam
654 1011 792 1093 primum
817 1011 967 1092 omnium,
992 1015 1117 1093 quanta
1140 1015 1256 1078 vestra
1280 1017 1332 1077 est
1356 1030 1437 1094 erga

264 1119 343 1184 deos
366 1117 500 1201 pietas?
547 1118 634 1202 Quos
659 1118 726 1183 aris
750 1118 943 1197 simulacris
972 1117 1105 1200 templis
1129 1117 1284 1199 donariis,
1313 1117 1437 1200 vestris

265 1225 403 1307 denique
434 1225 619 1291 nominibus
651 1224 820 1307 ascriptis,
857 1224 1023 1308 adjunctis
1058 1225 1257 1308 imaginibus
1291 1225 1445 1290 ornastis.

264 1333 512 1414 sanctioresque
536 1331 665 1397 fecistis
690 1333 836 1414 exemplo
861 1337 995 1398 vestrae
1018 1330 1262 1399 venerationis!

354 1440 438 1506 Men.
462 1459 538 1522 pag.
563 1444 643 1504 372:
676 1442 767 1502 τίθει
796 1436 834 1501 δὲ
863 1438 919 1501 καὶ
944 1436 1111 1520 σύγκρισιν
1143 1437 1196 1521 ἐφ’
1222 1436 1349 1520 ἑκάστῳ
1372 1441 1438 1500 τῶν

264 1545 454 1629 κεφαλαίων
476 1546 602 1609 τούτων
628 1581 669 1592 -
691 1547 749 1608 καὶ
772 1549 913 1609 τοιαῦτα
938 1543 1085 1624 ἀνευρών
1109 1544 1151 1608 τοὶ
1169 1546 1436 1627 παραδείγματα,

265 1651 325 1716 ἐὰν
343 1651 508 1734 Ῥωμαίων
531 1645 553 1738 ᾗ
576 1647 595 1738 ἢ
620 1651 789 1736 βασιλέων
820 1675 868 1724 τις
898 1653 955 1715 καὶ
986 1655 1178 1738 στρατηγῶν
1201 1652 1256 1714 καὶ
1275 1649 1437 1737 Ἑλλήνων

265 1758 502 1834 ἐνδοξοτάτων.
547 1760 620 1826 Hoc
647 1765 825 1842 praecepto
850 1759 1068 1825 Mamertinus
1101 1758 1243 1824 dilucide
1275 1777 1354 1824 usus
1385 1764 1437 1823 est

263 1865 296 1930 in
321 1866 384 1930 fine
410 1865 529 1948 capitis
553 1867 603 1932 IX
627 1866 717 1932 etin
742 1871 813 1932 toto
839 1867 947 1948 capite
971 1867 1011 1945 X,
1035 1866 1069 1930 in
1094 1865 1212 1947 quibus
1236 1864 1435 1930 Hannibalis

264 1973 428 2038 transitus
460 1973 591 2056 Alpium
626 1993 698 2039 cum
733 1973 908 2039 itineribus
939 1971 1133 2038 Maximiani
1168 1978 1202 2038 et
1237 1972 1437 2040 Diocletiani

265 2083 483 2161 comparatur.

353 2186 439 2252 Men.
464 2205 540 2268 pag.
566 2192 645 2252 377:
680 2181 799 2270 ὄμβροι
826 2185 887 2268 γὰρ
916 2184 1003 2248 κατὰ
1034 2185 1150 2269 καιρὸν
1180 2186 1236 2248 καὶ
1259 2185 1438 2272 θαλάσσης

265 2293 365 2375 φοραὶ
390 2294 445 2357 καὶ
467 2296 605 2375 καρπῶν
628 2292 783 2377 εὐφορίαν
807 2291 865 2357 διὰ
889 2292 952 2375 την
967 2296 1028 2356 τοῦ
1043 2290 1208 2375 βασιλέως
1225 2293 1438 2378 δικαιοσύνην

263 2397 342 2483 ἡμῖν
366 2398 591 2481 εὐτυχοῦντα.
638 2401 734 2466 Mam.
760 2421 785 2467 c.
809 2401 889 2466 XV:
919 2401 1045 2485 ‘Adhuc
1068 2407 1162 2483 potes
1188 2400 1297 2466 dicere
1321 2400 1360 2464 de
1385 2418 1436 2465 sa·

264 2507 424 2572 lubritate
455 2512 635 2589 temporum
669 2513 703 2574 et
727 2507 904 2574 fertilitate
928 2507 1101 2575 terrarum'
1133 2526 1235 2589 usque
1268 2508 1310 2572 ad
1342 2507 1436 2572 finem

265 2614 395 2696 capitis.

352 2722 445 2787 Nunc
469 2723 572 2788 verba
596 2723 690 2788 nobis
723 2722 875 2789 iacienda
907 2728 1000 2802 suunt,
1033 2723 1192 2803 quomodo
1221 2723 1373 2788 Incertus
1404 2722 1436 2787 in

263 2828 465 2911 panegyrico
498 2829 693 2894 Constantio
726 2829 861 2896 Caesari
893 2831 980 2895 dicto
1014 2828 1235 2911 componendo
1268 2825 1337 2913 (V.)
1370 2829 1436 2894 Me·

264 2935 382 3000 nandri
414 2935 561 3018 vestigia
593 2942 726 3002 secutus
759 2936 812 3002 sit.
860 2936 1085 3002 Confitendum
1118 2940 1226 3002 autem
1259 2935 1353 3002 nobis
1386 2942 1437 3001 est

264 3061 335 3106 eum
352 3041 458 3107 minus
476 3061 572 3123 quam
590 3043 821 3109 Mamertinum
842 3062 860 3109 e
876 3043 1050 3109 Menandri
1074 3043 1260 3126 praeceptis
1283 3044 1436 3125 pendere,

264 3168 335 3214 cum
359 3149 502 3215 maxime
532 3169 610 3232 pars
642 3150 802 3216 orationis
826 3150 993 3216 deditione
1018 3150 1213 3216 Britanniae
1238 3149 1437 3216 celebranda

264 3263 484 3322 consumatur.
531 3259 653 3322 Tamen
686 3259 745 3323 hos
776 3259 865 3323 locos
896 3257 985 3324 inter
1017 3277 1052 3324 se
1085 3257 1329 3324 consentientes
1359 3257 1436 3323 mihi

266 3363 434 3429 invenisse
458 3364 581 3430 videor.

355 3471 440 3536 Men.
464 3491 494 3552 p.
518 3475 599 3535 412:
633 3469 664 3533 εἰ
686 3469 723 3532 δὲ
746 3469 850 3556 μηδὲν
874 3467 962 3552 ἰ’χοις
987 3469 1093 3534 εἰπεῖν
1115 3474 1280 3551 τοιοῦτον,
1305 3469 1436 3534 anatot-

268 3597 335 3649 σεις
361 3576 422 3661 τήν
445 3575 573 3661 ἡμέραν
598 3575 667 3640 ἀπὸ
696 3581 823 3658 καιροῦ,
856 3572 906 3643 ὅτι
937 3578 1060 3659 θέρους
1093 3573 1189 3651 ὄντος
1219 3576 1355 3664 ἐτέχθη,
1387 3570 1438 3640 ὅτι

264 3679 390 3766 ἔαρος
420 3677 440 3767 ἢ
474 3687 631 3765 χειμῶνος
661 3679 681 3768 ἢ
705 3686 920 3767 μετοπώρου,
953 3682 984 3746 εἰ
1007 3678 1092 3748 οὕτω
1120 3683 1236 3764 τύχοι,
1267 3685 1323 3747 καὶ
1355 3682 1438 3766 ἐρεῖς

263 3794 323 3854 τοῦ
338 3795 456 3872 καιροῦ
472 3789 516 3852 ιὰ
533 3789 697 3873 ἐξαίρετα.
736 3792 808 3856 Ηοο
832 3800 1043 3875 praeceptum
1068 3793 1108 3858 de
1132 3791 1184 3857 die
1201 3791 1308 3856 natali
1325 3792 1437 3856 datum

263 3896 409 3962 incertus
435 3897 577 3980 scriptor
602 3917 627 3963 c.
644 3898 697 3964 lli
724 3899 758 3962 in
783 3917 854 3964 eum
880 3898 964 3965 diem
989 3898 1177 3979 transtulit,
1209 3917 1272 3978 quo
1296 3916 1438 3981 regnare

262 4005 477 4087 imperatores
502 4012 688 4087 coeperant.

351 4113 436 4176 Men.
453 4133 481 4194 p.
502 4118 579 4177 372:
604 4115 696 4175 uda
717 4110 754 4176 δὲ
778 4114 833 4176 καὶ
850 4113 1017 4197 σύγκρισιν
1041 4111 1092 4198 ἐφ’
1110 4111 1242 4195 ἑκάστῳ
1257 4114 1323 4174 τῶν
1338 4135 1438 4195 κεφα-

262 4217 366 4281 λαίων
390 4218 514 4282 τούτων
539 4238 605 4301 eqo.
651 4220 719 4286 Inc.
742 4239 767 4286 c.
784 4221 863 4286 VII:
896 4222 1046 4304 ‘Xerxea
1071 4226 1107 4285 ut
1131 4218 1237 4298 audio,
1262 4220 1438 4285 Persarum
