3352 4996
751 405 966 463 ..52-

359 599 468 663 Thcm.
493 599 513 663 l.
537 599 573 662 l.:
607 601 735 677 πρῶτος
759 595 819 679 γὰρ
844 595 887 679 δὴ
920 595 999 669 τέως
1030 600 1087 678 ιἠς
1111 595 1308 676 εὐδαίμονος
1340 592 1444 668 οἰκίας

270 705 536 790 ἐσπαργανώίλης
562 703 596 767 ἐν
619 702 788 785 ἁλουργίδι
811 704 866 765 καὶ
887 708 958 788 νίκη
981 702 1044 784 μέν
1070 722 1114 765 σε
1138 699 1385 775 ὑιιεδὲξαιό
1411 699 1444 761 ἐκ

272 815 337 873 τῶν
361 810 498 889 ὠδίνων,
522 816 594 896 νίκη
619 807 656 872 δὲ
681 807 784 883 alna
808 813 1004 895 τιθηνεῖται.

361 918 473 984 Claud.
496 937 570 1000 pan.
596 919 636 983 de
659 918 720 983 ΠΙ.
745 936 832 983 cens
857 918 941 982 Han.
966 937 1019 983 vv.
1048 922 1086 981 14
1111 936 1193 998 sep:

331 1107 335 1118 Ι
911 1024 1062 1107 Cognata
1086 1030 1236 1106 potestas

403 1133 588 1214 Excepit
612 1132 711 1214 Tyrio
737 1131 925 1199 venerabile
949 1131 1069 1213 pignus
1093 1132 1125 1195 in
1152 1136 1241 1195 estro

404 1240 643 1320 Lustravitque
668 1244 742 1303 tuos
768 1238 886 1319 aquilis
912 1238 1104 1303 victricibus
1129 1246 1221 1302 ortus

405 1347 499 1412 Miles
525 1351 558 1410 et
582 1347 615 1411 in
639 1345 755 1411 mediis
780 1347 944 1410 cunabula
967 1345 1121 1426 praebuit
1146 1345 1262 1410 hastis.

360 1471 469 1535 Tilem.
494 1472 513 1535 l.
531 1472 550 1535 l.
569 1492 596 1552 p.
617 1475 695 1535 145:
721 1468 823 1554 α’νὲχγγ
848 1467 886 1532 δὲ
911 1468 1085 1550 εὐθαρσῶς
1108 1469 1162 1531 καὶ
1186 1473 1267 1552 βοῆς
1293 1467 1446 1530 κ’νοαλιόυ

271 1579 327 1640 καὶ
352 1576 507 1640 ἀσπίδων
531 1576 662 1640 δούπου
685 1578 740 1639 καὶ
765 1571 926 1658 θωράκων
948 1580 1161 1660 μαρμαρυγῆς
1183 1577 1238 1637 καὶ
1262 1574 1383 1658 λόφων.

362 1703 474 1768 Claud.
499 1703 519 1768 l.
544 1704 563 1768 l.
588 1721 641 1770 vu
667 1708 814 1767 29-322

404 1811 465 1875 Ille
489 1810 677 1875 coruscanti
702 1809 805 1891 clipeo
831 1814 864 1874 te
888 1828 987 1891 saepe
1012 1809 1176 1874 volentem

406 1917 548 1982 Sustulit
572 1917 728 1982 adridens
752 1923 787 1981 et
809 1923 944 1998 pectore
967 1916 1090 1997 pressit
1115 1917 1232 1981 anhelo

405 2024 608 2105 Intrepidum
633 2024 714 2088 ferri
737 2024 855 2106 galeae
879 2043 940 2088 uec
964 2023 1061 2088 triste
1086 2023 1255 2088 timentem

405 2131 534 2213 Fulgur
558 2136 591 2195 et
616 2131 658 2195 ad
683 2149 825 2195 summas
850 2130 1039 2195 tendentem
1065 2129 1220 2195 bracchia
1244 2129 1374 2196 cristas,

360 2255 492 2320 Libanii
525 2257 698 2337 prosplron.
724 2256 765 2320 ad
789 2256 855 2320 lul.
880 2257 904 2320 Ι.
928 2260 993 2320 422
1018 2255 1067 2321 ed.
1095 2255 1235 2320 Reiske:
1267 2255 1322 2317 καὶ
1345 2255 1447 2335 μόνος

275 2361 486 2448 συνείληφας,
512 2359 534 2423 ἃ
557 2361 632 2434 τοὺς
657 2359 775 2434 ἄλλους
798 2363 1023 2443 μεμερισμὲνα
1045 2365 1170 2443 κοσμεῖ.

363 2469 474 2534 Claud.
499 2469 539 2534 de
564 2489 651 2536 cons
677 2469 748 2535 Stil.
773 2490 803 2536 v.
829 2474 886 2533 34:

818 2582 959 2656 atquae
984 2576 1093 2642 diuisa
1118 2579 1232 2642 beatus

407 2684 576 2764 Efficiam,
602 2684 741 2748 collecta
765 2689 869 2749 tenes.

362 2811 433 2874 Lib.
459 2811 477 2874 l.
502 2811 521 2874 l.
546 2830 576 2890 p.
601 2815 682 2874 406:
715 2809 868 2871 τοιοῦτόν
898 2834 929 2870 τι
960 2811 1014 2872 καὶ
1038 2808 1075 2871 ιδ
1101 2814 1174 2872 νῦν·
1206 2813 1348 2891 γενναῖοι
1381 2833 1447 2891 γεν-

276 2917 448 2995 ναιότερον
472 2912 583 2978 ’ἔτεκον
606 2916 661 2978 καὶ
685 2914 746 2998 την
771 2913 910 3000 ἡδίστην
934 2907 1037 2998 ἧτταν
1062 2915 1272 3001 ἡττήθησαν.
1332 2973 1334 2978 ,

363 3042 474 3106 Claud.
499 3041 539 3104 de
562 3042 617 3105 IV.
643 3059 730 3104 cons.
755 3041 839 3105 Hon.
865 3060 894 3105 v.
919 3047 1000 3105 430:

842 3148 918 3212 lam
944 3153 1043 3213 uatus
1068 3149 1234 3229 adaequat

406 3256 452 3319 'Pe
476 3254 603 3319 meritis
628 3259 662 3318 et
686 3255 771 3335 quod
795 3255 901 3337 magis
927 3261 978 3319 est
1002 3256 1147 3337 optabile
1171 3257 1284 3323 vincit.

362 3380 434 3445 Lib.
466 3378 548 3462 πρὸς
577 3381 763 3444 Θεοδόσιον
793 3382 827 3463 β’
851 3379 908 3443 ἐπὶ
939 3384 1011 3454 ταῖς
1040 3381 1230 3463 διαλλαγαῖς
1261 3383 1286 3448 Ι.
1310 3404 1340 3465 p.
1366 3391 1446 3450 656:

275 3486 291 3551 ὃ
311 3486 449 3570 μὲνγὰρ
467 3485 657 3572 Ἀσκληπιὸς
683 3484 736 3550 ἑνί
748 3511 811 3551 τινι
834 3487 961 3569 λέγεται
985 3487 1085 3551 λῦσαι
1109 3489 1262 3552 θάνατον
1285 3491 1447 3572 καὶἨρα-

273 3595 351 3679 κλης
383 3598 444 3677 μιᾷ
474 3617 538 3657 τινι
568 3599 709 3674 γυναικί·
744 3595 797 3657 σοὶ
830 3593 867 3658 δὲ
900 3595 976 3674 περὶ
1009 3589 1088 3682 ὅλην
1122 3599 1221 3658 τοῦτο
1257 3597 1448 3678 πέπρακται

274 3701 382 3767 πόλιν.

362 3809 474 3874 Claud.
500 3809 648 3874 debello
674 3810 753 3874 Poll.
779 3829 832 3875 vv.
856 3814 1024 3874 las—41:

408 3916 560 3981 Creditur
583 3916 757 3981 Herculeis
782 3917 886 3981 lucem
910 3936 1090 3985 renovasse
1115 3919 1250 3982 lacertis

407 4023 545 4088 Femina
570 4023 681 4088 dilecti
706 4023 786 4087 fatis
810 4023 959 4106 impensa
983 4025 1102 4090 mariti.

407 4132 453 4195 Et
473 4132 628 4214 juvenem
653 4136 786 4213 spretae
809 4131 971 4197 laniatum
997 4133 1112 4198 fraude
1137 4153 1300 4199 novercae

406 4239 477 4302 Nun
503 4237 573 4303 sine
598 4236 742 4302 Circaeis
767 4239 911 4304 Latonia
935 4239 1079 4304 reddidit
1103 4240 1223 4306 herbis,
