3352 4996
758 421 970 479 ..33-

379 609 454 674 Pao.
480 629 505 675 o.
532 615 589 675 20:

290 716 393 800 ‘Quod
426 717 454 782 si
478 736 536 799 per
560 736 667 783 rerum
692 723 845 783 naturam
869 718 999 798 liceret,
1031 723 1068 783 ut
1091 717 1147 784 ille
1170 719 1339 786 Romanae
1362 717 1458 782 liher-

290 823 373 889 tatis
405 829 567 905 assertor,
598 825 682 908 regii
714 825 852 891 nominis
884 827 1046 891 Brutus
1078 845 1166 905 osor,
1198 824 1460 891 ...saeculum

289 936 381 996 tuum
406 938 586 998 cerneret.
611 984 618 999 .
643 984 660 1012 .,
692 940 836 998 mutaret
864 932 1013 1015 proiecto
1042 932 1242 998 sententiam
1267 937 1361 997 tanto
1386 937 1462 1013 post

290 1057 381 1104 suam
407 1045 441 1104 et
466 1091 472 1105 .
497 1091 503 1105 .
528 1091 534 1105 .
560 1039 748 1106 necessario
772 1039 937 1106 fateretur
956 1039 1168 1120 Tarquinium
1194 1038 1381 1105 submoveri
1404 1038 1462 1104 de·

289 1147 409 1226 odisse,
434 1165 497 1212 non
522 1145 716 1230 regnum!

379 1254 491 1322 Claud.
516 1255 556 1321 de
580 1274 668 1321 oons.
693 1255 766 1321 Stil.
789 1255 815 1321 I.
839 1275 893 1322 vv.
920 1260 961 1320 14
984 1274 1069 1336 seq:

609 1364 749 1429 Veteres
774 1370 868 1428 aetus
892 1362 1094 1445 primamque
1116 1361 1285 1429 iuventam

422 1469 632 1551 Prosequar?
672 1470 723 1534 Ad
748 1489 821 1535 sese
844 1475 985 1536 mentem
1007 1469 1200 1552 praesentia
1224 1469 1358 1536 duount.

423 1579 561 1643 Narrem
583 1577 771 1643 iustitiam?
795 1577 984 1660 resplendet
1008 1577 1115 1660 gloria
1139 1576 1268 1643 Martis,

425 1685 552 1750 Armati
576 1684 716 1751 referam
743 1684 856 1751 vires?
879 1686 954 1768 plus
979 1685 1048 1768 egit
1073 1684 1217 1750 inermia.

378 1795 454 1858 Par.
479 1812 506 1858 o.
531 1799 549 1858 5
575 1793 710 1858 eundem
736 1794 876 1859 colorem
900 1794 1054 1875 praehet:

290 1901 394 1985 ‘Quid
425 1901 567 1981 inquam,
599 1899 744 1965 faciam?
776 1919 859 1980 quae
884 1901 1018 1965 Rhenus
1050 1904 1109 1964 aut
1131 1899 1269 1965 Vahalis
1294 1899 1379 1965 vidit
1403 1919 1460 1982 ag·

290 2007 449 2091 gradiar?
481 2009 547 2090 jam
581 2027 616 2072 se
647 2007 724 2072 mihi
758 2007 943 2072 Sarmatica
980 2008 1080 2072 caede
1112 2006 1314 2089 sanguineus
1345 2006 1462 2072 Hister

290 2113 419 2180 ohioiet.
467 2114 627 2179 Attritam
658 2114 866 2196 pedestribus
898 2114 1032 2196 proeliis
1056 2114 1263 2180 Britanniam
1295 2111 1460 2179 referam?

291 2222 377 2287 Saxo
403 2227 613 2302 consumptus
638 2221 733 2286 bellis
757 2221 933 2288 navalibus
957 2220 1132 2287 offeretur!

284 2351 296 2370 ·
379 2328 491 2393 Claud.
515 2348 569 2395 vv.
594 2333 635 2392 25
661 2347 744 2409 seq:

749 2454 911 2516 nunquam
939 2435 1068 2501 sincera
1092 2435 1248 2500 honorum

425 2543 503 2608 Sors
528 2542 584 2608 ulli
609 2561 767 2608 concessa
790 2542 872 2610 viro.
919 2543 1021 2626 Quem
1044 2542 1158 2608 vultus
1182 2544 1346 2622 honestat,

422 2651 633 2716 Dedeoorant
657 2669 780 2732 mores3
804 2650 932 2714 animus
956 2668 1049 2730 quem
1073 2649 1240 2732 pulchrior
1265 2655 1371 2729 ornat,

422 2759 546 2840 Corpus
570 2757 734 2824 destituit.
782 2757 922 2823 Bellis
947 2756 1109 2839 insignior
1131 2757 1197 2838 ille,

421 2867 485 2931 Sed
509 2885 653 2947 paoem
676 2865 790 2930 foedat
814 2865 916 2931 vitiis.
963 2864 1026 2929 Hio
1048 2863 1181 2945 publica
1205 2863 1294 2944 felix,

423 2973 487 3038 Sed
512 2973 645 3055 privata
668 2971 784 3036 minus.
830 2971 1013 3052 Partitum3
1039 2971 1172 3054 singula
1196 2991 1354 3052 quemque

422 3079 609 3144 Nobilitant
633 3131 639 3144 .
665 3131 672 3144 .
698 3130 736 3145 ..
1267 3103 1270 3108 ’

821 3186 1032 3270 Sparguntur
1054 3187 1089 3252 in
1113 3205 1234 3265 omnes

420 3297 458 3361 In
484 3300 518 3360 te
542 3294 646 3359 mixta
668 3294 792 3374 duunt3
817 3300 851 3359 et
875 3313 959 3375 quae
984 3293 1093 3360 divisa
1117 3295 1233 3358 beatos

421 3401 590 3481 Eifioiunt,
616 3402 756 3466 collecta
780 3407 883 3467 tenes.

376 3509 459 3576 Plin.
485 3529 510 3574 o.
535 3515 572 3574 4:

288 3617 429 3702 ‘Enituit
461 3616 579 3697 aliquis
615 3615 647 3680 in
681 3617 812 3696 hello,
849 3616 906 3681 sed
939 3617 1102 3683 obsolevit
1136 3617 1170 3682 in
1206 3637 1325 3700 paee:
1362 3617 1460 3683 alium

288 3731 377 3807 toga,
402 3724 548 3790 sednon
573 3730 607 3789 et
631 3743 723 3788 arma
747 3725 967 3790 honestarunt
991 3776 997 3790 .
1023 3777 1029 3790 .
1055 3776 1061 3790 .
1086 3725 1141 3790 ille
1165 3725 1348 3807 quaesitam
1375 3725 1460 3790 domi

288 3831 426 3915 gloriam
459 3830 492 3895 in
525 3831 668 3912 publico,
704 3830 757 3895 hio
787 3830 821 3895 in
852 3831 983 3913 publico
1017 3837 1147 3913 partam
1183 3831 1268 3897 domi
1300 3832 1460 3913 perdidit:

287 3946 453 4020 postremo
486 3938 592 4003 adhuo
616 3956 709 4003 nemo
733 3937 862 4017 extitit,
894 3938 986 4003 ouius
1017 3938 1159 4005 virtutes
1192 3940 1280 4005 nullo
1304 3939 1459 4007 vitiorum

288 4044 426 4111 confinio
459 4044 677 4109 laederentur.
732 4045 778 4108 At
809 4044 948 4126 principi
979 4050 1092 4110 nostro
1124 4051 1250 4126 quanta
1285 4046 1460 4112 eoncordia

288 4160 495 4234 quantusque
520 4157 698 4217 concentus
723 4151 864 4217 omnium
889 4152 1019 4217 laudum
1045 4153 1213 4234 omnisque
1237 4153 1364 4236 gloriae
1384 4173 1459 4219 oon·

288 4257 385 4340 tigit!
433 4259 515 4322 Vide
540 4258 637 4323 etiam
670 4277 754 4338 quae
778 4260 854 4324 Pao.
879 4259 910 4322 in
937 4278 1006 4340 oap.
1033 4266 1051 4323 5
1084 4260 1123 4324 de
1147 4260 1330 4325 Theodosio
1363 4261 1458 4326 dicit:
