3352 4996
697 394 916 453 ..23-

311 586 423 652 Claud.
447 579 500 652 vvss
529 590 717 649 ree-187:
789 610 792 617 ·

354 691 499 757 Plurima
522 689 720 756 Parrhasius
745 695 824 754 tunc
847 688 935 754 inter
959 708 1097 771 corpora
1120 689 1235 753 Ladon

354 799 475 865 Haesit
499 804 533 864 et
557 799 703 880 Alpheus
728 796 856 862 Getieis
881 801 1044 879 angustus
1069 794 1198 862 acervis

354 907 494 972 bardior
517 906 559 970 ad
585 904 711 970 Siculos
737 903 925 969 etiamnunc
948 903 1059 986 pergit
1083 922 1220 968 amores

311 1015 394 1079 Men.
428 1003 498 1075 οἷον
520 1011 581 1096 γάρ
606 1011 708 1093 ὁρῶσι
731 1009 790 1074 τὸν
813 1009 975 1094 βασιλέως
999 1015 1086 1092 βίον,
1113 1013 1266 1072 τοιοῦτον
1290 1008 1390 1073 ἐπαν-

219 1122 365 1208 γγριγνται.
412 1120 457 1186 Cl.
482 1140 535 1187 vv.
563 1118 700 1202 leelee:

355 1227 488 1293 Scilicet
512 1227 544 1291 in
569 1227 690 1308 vulgus
714 1231 851 1291 manant
875 1226 1025 1307 exempla
1048 1232 1222 1308 regentum

354 1335 463 1415 thue
488 1335 604 1400 ducum
628 1333 738 1413 lituos,
764 1333 811 1398 sic
834 1352 941 1398 mores
966 1338 1079 1398 castra
1103 1339 1293 1414 sequuntur.

312 1441 433 1524 Incipit
457 1441 541 1506 liber
564 1441 726 1507 secundus
751 1439 841 1506 bisce
864 1440 1032 1507 versibus:

353 1550 527 1615 Hactenus
554 1555 703 1614 armatae
727 1548 857 1614 laudes:
882 1567 968 1613 nunc
993 1547 1144 1628 qualibus
1169 1529 1278 1614 orbem

354 1655 500 1723 Moribus
525 1662 559 1721 et
584 1659 707 1736 quanto
731 1654 839 1719 frenet
864 1655 1058 1720 metuendus
1082 1674 1201 1736 amore,

354 1764 424 1846 Quo
449 1763 581 1829 taudem
605 1761 709 1827 flexus
735 1762 869 1826 trabeas
894 1767 1030 1826 auctore
1053 1767 1212 1843 rogantes

352 1869 503 1936 Induerit
525 1869 689 1950 laetisque
714 1887 806 1934 suurn
831 1867 1032 1934 concesserit
1057 1887 1186 1948 annum,

353 1977 467 2043 Mitior
489 1976 628 2059 incipiat
651 1976 770 2042 fidibus
791 1977 859 2060 jam
884 1976 981 2040 Musa
1003 1975 1159 2066 remissie.

307 2087 378 2151 Hos
402 2103 519 2152 versus
543 2103 615 2148 mea
640 2083 807 2148 sententia
831 2088 930 2164 poeta
954 2082 1088 2164 scripsit
1104 2081 1200 2148 huius
1217 2083 1392 2149 Menandri

218 2193 389 2277 praecepti
424 2192 554 2258 ratione
588 2191 719 2256 habita:
756 2189 827 2272 Χρὴ
861 2188 898 2252 δὲ
929 2190 1094 2271 γινώσκειν
1124 2191 1182 2252 καὶ
1213 2189 1392 2273 φυλάττειν

220 2300 257 2364 τὸ
285 2299 513 2385 παράγγελμα,
540 2293 601 2378 ὅτι,
628 2292 710 2360 ὅταν
732 2297 853 2384 μέλλῃς
877 2294 946 2359 άπὸ
971 2295 1154 2380 κεφαλαίου
1176 2301 1391 2380 μεταβαίνειν

220 2406 264 2480 εἷς
300 2406 499 2489 κεφάλαιον,
543 2406 599 2468 δεῖ
633 2404 919 2488 προοιμιάζεσθαι
958 2405 1037 2486 περὶ
1069 2393 1108 2467 οὗ
1137 2402 1267 2486 μέλλεις
1295 2401 1392 2484 ε’γχει-

221 2517 290 2595 ρεῖν
307 2512 373 2578 κτλ,
404 2513 427 2578 J
429 2533 479 2577 am
497 2521 533 2579 ut
546 2534 599 2581 vv.
614 2519 722 2577 6—29
740 2512 945 2577 clementiam
963 2517 997 2576 et
1013 2511 1183 2576 lenitatem
1201 2509 1392 2575 Stilichonis

222 2626 300 2684 ante
317 2619 461 2700 reliquas
478 2619 620 2686 virtutes
638 2619 790 2685 laudibus
808 2618 949 2697 efferret,
974 2622 1153 2684 commotus
1170 2617 1393 2685 videturesse

221 2729 282 2792 hee
305 2728 376 2792 leco
401 2727 590 2792 Menandri:
622 2725 706 2807 μετά
730 2725 768 2788 τὸ
793 2726 886 2798 τέλος
914 2729 979 2787 τῶν
1003 2725 1159 2807 πράξεων
1182 2720 1203 2808 ἢ
1228 2725 1283 2786 καὶ
1308 2721 1392 2805 πρὸς

220 2839 265 2917 τῷ
288 2833 376 2896 τέλει
398 2837 465 2896 τοῖν
489 2834 643 2918 πράξεων
667 2832 749 2917 ἐρεῖς
773 2856 804 2895 τι
826 2835 881 2895 καὶ
906 2833 983 2917 περὶ
1006 2837 1117 2917 τρίτης
1141 2829 1279 2915 ἀρετῆς,
1311 2829 1392 2911 λέγω

220 2941 261 3025 δὴ
286 2945 344 3024 τῆς
368 2940 634 3025 φιλανθρωπίας.
680 2942 860 3007 Praeterea
890 2940 924 3005 in
948 2941 1053 3006 altero
1084 2939 1167 3004 libro
1192 2938 1392 3004 Claudianus

219 3051 280 3115 bos
311 3049 400 3114 locos
433 3065 450 3112 e
482 3048 664 3112 Menandro
696 3048 907 3131 deprompsit.
961 3049 1046 3112 illan.
1080 3039 1130 3110 ὅτι
1162 3044 1219 3109 διά
1250 3043 1393 3127 βασιλέα

222 3155 390 3240 σώφρονες
419 3152 481 3234 μὲν
514 3153 547 3217 oi
575 3154 675 3236 γάμοι
706 3193 749 3201 -
781 3155 826 3220 el.
859 3175 912 3222 vv.
939 3160 1078 3220 74-78.
1133 3154 1219 3218 Men.
1252 3144 1303 3216 ὅτι
1333 3153 1393 3212 τοῦ

221 3266 409 3347 σιτογρεσιόν
425 3264 490 3324 τῶν
510 3261 765 3343 στρατευμάτων
782 3261 981 3341 στοχάζεται
1005 3297 1048 3307 -
1072 3260 1117 3326 Ol.
1134 3280 1188 3327 vv.
1207 3263 1391 3325 147-153.

219 3368 304 3433 Men.
329 3365 366 3429 τὸ
392 3365 603 3449 εὐπρόσοδον
631 3365 827 3440 ἐπαινέσεις,
873 3368 918 3432 el.
942 3387 997 3433 vv.
1024 3365 1162 3450 162l63:
1197 3364 1389 3448 contingere

220 3473 343 3556 passim
365 3473 525 3554 affarique
541 3473 628 3540 licet.
669 3474 871 3557 Quinetiam
893 3477 954 3540 hoc
975 3479 1203 3557 praeceptum:
1227 3472 1392 3554 τοιγάρτοι

219 3582 274 3643 καὶ
298 3579 519 3662 ἀμειβόμεναι
543 3578 645 3643 αὐτὸν
671 3579 708 3642 αἱ
729 3580 844 3653 πόλεις
867 3583 923 3642 καὶ
937 3577 1024 3667 ’ἑθννγ
1048 3579 1103 3642 καὶ
1118 3580 1193 3665 γένη
1217 3579 1272 3641 καὶ
1289 3577 1392 3662 φυλαὶ

156 3730 158 3734 ,
222 3691 464 3771 daemonorium,
483 3685 660 3768 ὑμνοῦμεν,
678 3688 856 3771 γράφομεν,
874 3687 1009 3771 πλήρεις
1026 3685 1158 3750 εἰκόνιον
1175 3685 1211 3748 αἱ
1227 3685 1341 3758 πόλεις
1362 3722 1392 3730 -

221 3794 283 3859 sibi
315 3793 556 3858 observandum
589 3793 804 3861 existumavit
835 3795 868 3860 in
899 3815 953 3861 vv.
985 3801 1168 3861 lua-339.
1221 3795 1260 3859 In
1292 3793 1391 3858 tertio

220 3901 359 3981 dentque
391 3900 474 3965 libro
504 3900 536 3964 hi
559 3900 623 3966 loci
653 3901 873 3967 consentiunt.
921 3903 1006 3968 Men.
1029 3923 1059 3984 p.
1085 3907 1164 3967 394:
1198 3900 1239 3974 ὡς
1262 3900 1393 3974 πάντας

222 4006 373 4088 ἐνόμισεν
409 4005 576 4089 άδελφονς
611 3998 696 4069 εἶναι
732 4006 835 4071 αὐτοῦ
868 4007 945 4081 τούς
976 4008 1148 4092 ἡλικιώτας
1178 4009 1233 4070 καὶ
1265 4029 1392 4088 πατρα·

221 4113 364 4197 delmona
395 4112 473 4186 τούς
498 4107 617 4186 άλλονς
647 4114 703 4176 καὶ
726 4113 817 4196 γένος
840 4112 878 4177 ’ἑν
902 4119 1019 4179 πᾶσαν
1041 4114 1101 4198 τήν
1124 4114 1232 4180 πάλιν.
1279 4114 1392 4181 Claud.

221 4241 251 4288 u.
280 4229 357 4286 159:
382 4221 476 4303 Quod
501 4220 610 4285 cuncti
633 4240 716 4303 gens
740 4241 805 4286 una
829 4241 950 4288 sumne.
