3352 4996
731 414 954 476 213...

346 609 527 674 Praeterea
549 607 583 671 in
609 605 748 688 singulis
780 607 878 671 rebus
903 603 1128 671 describendis
1159 607 1220 671 has
1244 604 1429 671 sententias

257 735 275 780 e
301 715 481 780 Menandro
506 713 717 796 deprompsit.

347 822 432 886 Men.
452 841 528 903 pag.
550 825 629 886 316:
653 821 736 884 θέαι
760 819 798 883 δὲ
822 822 877 882 καὶ
902 817 1024 901 α’γῶνες
1047 843 1102 884 και
1126 819 1322 906 πανηγύρεις
1344 818 1428 900 μετὰ

256 932 316 991 τοῦ
340 928 568 1010 προσήκοντος
593 927 726 1010 Ιιιόσγιοο
756 928 812 989 καὶ
843 931 900 1009 τῆς
925 927 1120 1012 πρεπούσης
1145 927 1363 1012 σωφροσύνης
1386 931 1430 1007 γί-

256 1057 370 1098 νονται
395 1039 429 1098 et
444 1053 473 1115 p.
492 1039 572 1099 377:
598 1032 733 1118 πλήρεις
758 1035 794 1096 δε
813 1032 937 1115 ἑορτῶν
957 1033 1012 1094 καὶ
1029 1033 1240 1119 πανηγύρεων
1256 1031 1293 1095 αἱ
1307 1031 1431 1104 πόλεις.

257 1141 408 1206 Mamert.
432 1160 503 1223 oap.
527 1141 594 1205 IX:
629 1140 703 1225 ,Sed
728 1139 902 1205 universas
934 1140 1032 1205 urbes
1064 1158 1124 1220 ope
1147 1139 1356 1221 imperatoris
1380 1157 1429 1204 re·

257 1247 346 1312 fotos
371 1266 563 1313 enumerare
585 1248 778 1329 perlongum
803 1251 868 1312 est:
894 1246 979 1312 seire
998 1246 1082 1311 satis
1098 1251 1151 1312 est
1167 1251 1305 1312 cunctas
1321 1246 1429 1310 Maee-

258 1355 385 1435 donioe‚
408 1354 544 1437 Illyrici,
569 1354 786 1437 Peloponnesi
811 1353 967 1420 civitates
991 1353 1065 1418 unis
1090 1361 1149 1419 out
1169 1353 1256 1418 binis
1279 1352 1430 1435 epistulis

259 1461 391 1526 maximi
429 1461 637 1544 imperatoris
672 1461 877 1542 repentinam
913 1461 1059 1526 induisse
1094 1461 1227 1527 novatis
1262 1459 1431 1526 moenibus

255 1570 477 1650 jnventatem,
509 1588 613 1649 aquas
643 1568 724 1634 loeis
757 1567 907 1632 omnibus
931 1572 1075 1647 scatere,
1108 1586 1192 1648 quae
1221 1568 1320 1649 poulo
1352 1573 1431 1632 onte

260 1675 355 1740 arida
379 1681 413 1741 et
437 1675 494 1740 siti
518 1675 711 1741 anhelantia
734 1675 938 1754 visebantur,
963 1693 1003 1740 ea
1027 1693 1113 1739 nuno
1129 1673 1243 1756 perlui,
1267 1673 1430 1755 inundari,

258 1783 404 1863 madere,
439 1782 513 1848 fora
545 1783 776 1847 deambulacra
807 1779 982 1864 gymnasia
1012 1781 1111 1847 laetis
1143 1787 1177 1846 et
1209 1780 1431 1863 gaudentibus

257 1889 385 1972 populis
409 1887 623 1971 frequentari,
647 1888 718 1954 dies
742 1889 848 1954 festos
872 1893 906 1953 et
930 1888 1090 1954 celebrari
1114 1892 1246 1955 veteres
1270 1893 1304 1954 et
1326 1907 1431 1954 novos

257 1996 289 2061 in
315 1997 468 2062 honorem
491 1995 648 2078 principis
673 1994 879 2062 oonseorari.²

347 2104 432 2169 Men.
456 2122 532 2185 pag.
557 2109 637 2168 376:
669 2095 758 2185 η’ξεις
782 2101 819 2165 δὲ
844 2101 902 2165 ἐπὶ
926 2102 986 2184 την
1015 2100 1226 2188 τελειοτάτην
1250 2102 1430 2184 σύγκρισιν,

258 2209 484 2285 ἀντεξετάζων
506 2207 568 2294 την
591 2207 696 2272 αὐτοῦ
718 2208 895 2292 βασιλείαν
920 2207 1005 2292 πρὸς
1029 2208 1090 2281 τοὶς
1113 2207 1179 2289 πρὸ
1208 2207 1311 2271 αύτού
1335 2213 1431 2290 βασι-

256 2315 356 2388 λείας.
403 2318 500 2382 Mam.
524 2335 594 2398 cap.
619 2317 651 2380 X
675 2322 710 2382 et
733 2317 792 2382 XI.

348 2425 433 2489 Men.
457 2443 533 2507 pag.
555 2429 635 2490 376:
662 2416 713 2487 ύτι
737 2423 794 2487 διὰ
820 2422 967 2508 βασιλέα
991 2425 1161 2506 σώφρονες
1182 2421 1244 2503 μὲν
1270 2421 1302 2485 οἱ
1322 2423 1431 2505 γάμοι.

260 2530 356 2596 Mam.
381 2551 451 2613 oap.
475 2532 561 2597 XHI
592 2567 635 2577 -
667 2535 748 2615 ,toto
777 2531 914 2596 inorbo
944 2537 1107 2595 terrarum
1138 2528 1260 2595 nullius
1291 2529 1432 2612 virginis

260 2635 349 2702 fama
372 2638 528 2718 violetur,
560 2638 606 2703 sit
628 2639 769 2704 leotulus
794 2637 893 2703 etiam
923 2637 994 2703 sine
1018 2637 1184 2704 oonoessis
1216 2642 1251 2702 et
1273 2636 1431 2719 legitimis

258 2745 486 2827 voluptatibus
510 2744 694 2811 Vestalium
719 2745 802 2810 toris
827 2742 957 2825 purior!

347 2853 433 2917 Men.
456 2871 532 2935 pag.
559 2856 639 2916 375:
674 2853 730 2915 καὶ
763 2849 860 2932 ε’ρεῖς,
894 2844 944 2914 ὅτι
975 2853 1122 2922 δικαίους
1154 2846 1316 2932 ἄρχοντος
1346 2849 1431 2912 κατὰ

257 2955 342 3044 ἐ’ίίνη
373 2960 429 3022 καὶ
451 2958 526 3046 γένη
558 2959 614 3020 καὶ
643 2957 758 3029 πόλεις
791 2956 963 3037 ἐκπέμπει.
1009 2956 1107 3022 Mam.
1133 2975 1159 3021 o.
1183 2956 1281 3021 XXV
1304 2992 1347 3000 —
1371 2975 1431 3040 ,re-

260 3065 376 3145 gendis
401 3064 580 3146 provinciis
605 3084 670 3130 non
694 3063 985 3129 familiarissimum
1010 3082 1177 3144 quemque,
1203 3063 1261 3129 sed
1277 3062 1430 3128 innoeen-

260 3169 422 3236 tissimum
444 3169 549 3254 legis!

348 3276 616 3358 comparationes
650 3277 801 3343 adhibuit
831 3277 864 3341 in
897 3297 968 3359 cap.
992 3278 1082 3358 XVI,
1106 3279 1199 3358 XIX,
1224 3278 1298 3358 XX,
1323 3277 1431 3342 XXX.

348 3385 478 3464 Restat,
510 3388 547 3448 ut
571 3385 786 3465 disseramus
819 3385 977 3464 quomodo
1002 3385 1147 3450 Pacatus
1171 3385 1205 3450 in
1228 3384 1431 3466 panegyrico

259 3490 434 3557 Theodosii
466 3492 610 3573 Augusti
643 3492 864 3575 componendo
895 3491 1070 3558 Menandri
1104 3496 1284 3574 praecepto
1318 3509 1431 3558 serva·

259 3599 354 3664 verit.
393 3599 443 3663 Ao
464 3596 603 3679 primum
624 3599 753 3680 quidem
776 3599 810 3663 in
826 3598 1035 3681 praefatione
1059 3600 1144 3665 hano
1160 3597 1334 3663 Menandri
1358 3615 1430 3662 sen-

259 3705 413 3770 tentiam:
445 3703 538 3790 λη’ψη
571 3710 682 3769 τοίνυν
713 3702 748 3770 ἰν
778 3703 884 3788 τούτῳ
914 3703 957 3767 τοὶ
989 3710 1151 3788 προοίμια
1179 3703 1335 3791 δηλονότι
1358 3702 1428 3766 ἀπὸ

258 3815 315 3896 τῆς
346 3808 531 3892 αὐξήσεως,
571 3811 713 3892 μέγεθος
748 3811 933 3892 περιτιθεὶς
969 3815 1011 3895 τῆ
1043 3809 1230 3888 ὑποθέσει,
1272 3802 1323 3872 ὅτι
1354 3812 1431 3873 dvo·

259 3917 408 3999 εἠικτος,
431 3917 486 3978 καὶ
512 3907 562 3979 ὅτι
586 3921 738 3998 καθῆκας
762 3915 883 3980 ἑαυτὸν
908 3914 953 3989 εἰς
977 3914 1087 3998 ἀγῶνα
1113 3915 1150 3979 ού
1176 3915 1294 4000 ῥρὶδιον
1317 3937 1431 3996 κατορ-

257 4025 419 4108 θωθῆναι
442 4021 526 4104 λόγῳ
549 4021 698 4104 pluribus
723 4023 833 4088 verbis
851 4022 1018 4104 explicuit.
1058 4022 1185 4088 Deinde
1208 4022 1243 4086 in
1260 4022 1368 4103 eapite
1384 4022 1431 4086 IV

255 4127 398 4209 patriam
423 4128 515 4194 etin
538 4127 692 4210 eapiteV
717 4134 845 4210 patrem
861 4128 1037 4194 Theodosii
1062 4129 1208 4194 celebrat
1232 4130 1314 4194 haee
1336 4146 1431 4210 prae-

258 4239 355 4316 cepta
380 4242 531 4300 secutus:
563 4233 648 4315 μετὰ
678 4233 720 4297 τύ
745 4240 908 4318 προοίμια
931 4234 989 4298 ἐπὶ
1017 4233 1077 4320 τὴν
1107 4237 1258 4317 πατρίδα
1281 4227 1370 4319 ἥξεις
1398 4241 1432 4299 et
