3352 4996
776 379 974 437 ..6-

291 577 349 657 τῆς
366 572 521 654 ἀνδρείας
542 570 681 653 πράξεις
698 569 832 651 πρώτας
848 567 1032 650 λαμβάνειν
1049 565 1105 630 ἐπὶ
1121 571 1186 630 τῶν
1201 566 1359 630 τοιούτων
1383 566 1463 629 ύπο-

292 681 423 742 ίλὲσεων
447 675 491 751 εἰς
515 676 684 752 ἐξέτασιν·
701 675 846 759 γνωρίζει
861 675 923 757 γάρ
939 673 1082 756 βασιλέα
1103 672 1209 737 πλέον
1230 671 1250 760 ἡ
1269 673 1406 756 ἀνδρεία
1430 673 1462 738 iu

293 785 402 869 capite
426 784 550 866 quinto,
574 783 629 849 ubi
654 785 736 848 haec
759 783 933 864 leguntur:
958 781 1053 866 ‘Quid
1078 781 1163 846 enim
1188 799 1268 864 opus
1293 789 1366 846 erat
1383 781 1462 846 mul-

293 893 444 972 titudine,
477 911 548 957 cum
572 890 642 973 ipse
666 909 842 973 pugnares
866 889 936 971 ipse
960 889 1109 955 omnibus
1134 888 1215 954 locis
1239 894 1377 970 totaque
1394 889 1464 954 acie

293 997 476 1065 dimicares’
505 1017 571 1079 eqs.
604 1003 638 1063 et
677 1001 775 1060 Trea
807 994 845 1059 δὲ
876 996 931 1058 καὶ
967 995 1133 1079 σύγκρισιν
1165 993 1207 1078 ἐφ
1242 993 1369 1073 ἑκάστῳ
1400 999 1466 1058 τῶν

293 1106 483 1190 κεφαλαίων
506 1106 643 1184 τούτων,
668 1102 722 1167 olel
748 1108 924 1186 συγκρίνων
948 1103 1050 1186 φύσιν
1074 1102 1173 1185 φύσει
1196 1103 1251 1166 καὶ
1272 1101 1465 1185 ἀνατροφὴν

295 1209 471 1298 ἀνατροφῇ
504 1213 561 1275 καὶ
596 1213 758 1275 παιδείαν
789 1212 944 1295 παιδείᾳ,
979 1210 1035 1272 καὶ
1070 1213 1211 1272 τοιαῦτα
1246 1205 1392 1291 άνενριύν
1422 1207 1465 1272 τά

295 1320 564 1401 παραδείγματα,
590 1317 650 1380 ἐάν
661 1317 826 1399 Ῥωμαίων
849 1311 870 1403 ᾗ
893 1311 912 1399 ἢ
937 1315 1103 1399 βασιλέων
1125 1339 1174 1388 τις
1197 1316 1253 1379 καὶ
1277 1318 1466 1401 στρατηγῶν

294 1423 525 1508 καὶἙλληῗνων
551 1424 780 1500 ἐνδοξοτάτων
803 1433 837 1490 et
852 1445 882 1506 p.
901 1430 981 1489 376:
1007 1417 1095 1508 ἥξεις
1119 1422 1157 1487 δὲ
1181 1420 1239 1485 ἐπὶ
1263 1422 1323 1506 τὴν
1347 1421 1466 1485 τελειο-

295 1532 400 1619 τάτην
425 1532 603 1615 σύγκρισιν,
638 1530 864 1608 ἀντεξετάζων
887 1530 949 1616 τήν
972 1529 1075 1594 αὐτοῦ
1098 1530 1275 1612 βασιλείαν
1299 1528 1383 1610 πρὸς
1406 1527 1466 1600 τάς

295 1638 361 1720 πρὸ
387 1637 489 1702 αὐτοῦ
511 1637 684 1722 βασιλείας
711 1638 878 1721 incapite
909 1639 1050 1719 decimo,
1082 1638 1137 1703 ubi
1161 1640 1243 1703 haec
1268 1637 1393 1719 scripta
1418 1636 1465 1704 vi-

295 1746 425 1811 demus:
451 1746 505 1830 ‘m
529 1752 641 1810 tamen
665 1746 768 1826 videa,
793 1745 981 1827 imperator,
1006 1765 1070 1811 non
1091 1745 1239 1812 iuvenire
1256 1763 1306 1810 me
1323 1764 1364 1810 ex
1381 1744 1467 1809 omni

295 1852 497 1934 antiquitate
536 1853 622 1934 quod
661 1871 843 1935 comparem
881 1851 989 1931 vobis,
1028 1852 1092 1917 nisi
1130 1852 1315 1919 Herculeae
1354 1852 1465 1935 gentis

296 1960 486 2042 exemplum.
539 1961 622 2024 Nam
653 1959 709 2024 ille
741 1958 870 2040 quidem
902 1978 1040 2040 magnus
1072 1961 1262 2025 Alexander
1289 1960 1357 2043 jam
1389 1958 1467 2023 milri

298 2066 426 2132 humilis
450 2067 582 2132 videtur
605 2067 686 2132 Indo
710 2066 783 2148 regi
800 2085 860 2131 sua
876 2085 981 2148 regna
998 2067 1174 2147 reddendo,
1199 2086 1270 2132 cum
1287 2073 1355 2133 tam
1372 2064 1467 2132 multi

296 2193 407 2256 reges,
438 2173 630 2257 imperator,
664 2174 767 2239 vestri
801 2173 939 2239 clientes
971 2173 1052 2253 sint,
1085 2193 1155 2239 oum
1186 2193 1245 2257 per
1273 2180 1467 2256 teregnum

296 2281 458 2363 receperit
483 2280 724 2346 Geunoboudes
757 2299 777 2345 a
800 2286 898 2362 teque
923 2280 1067 2346 cominus
1092 2280 1266 2363 acceperit'
1291 2281 1382 2346 etin
1415 2301 1467 2345 ca-

298 2389 367 2470 pite
391 2388 488 2467 XIII,
520 2388 605 2469 quod
632 2386 749 2469 incipit
774 2389 815 2451 ab
844 2387 895 2452 his
920 2387 1047 2453 verbis:
1079 2387 1185 2472 ‘Felix
1208 2388 1312 2471 igitur
1335 2388 1468 2469 talibus

298 2497 415 2575 Roma,
446 2495 648 2577 principibus
673 2531 715 2539 —
740 2494 833 2574 felix,
865 2494 1012 2576 inquam,
1045 2501 1078 2560 et
1102 2496 1203 2561 multo
1233 2515 1318 2562 nuno
1342 2496 1469 2562 ielicior

299 2621 395 2683 quam
419 2605 479 2667 sub
503 2603 604 2668 Remo
629 2608 663 2667 et
686 2602 823 2667 Romulo
848 2601 935 2668 tuis’

387 2709 463 2774 Jam
495 2709 537 2773 ad
570 2710 709 2773 alterum
739 2709 928 2774 Mamertini
960 2709 1195 2792 panegyricum
1226 2707 1469 2793 genethliacum

299 2815 498 2881 Maximiano
513 2816 664 2898 Augusto
679 2815 800 2881 dietum
813 2822 1031 2881 transeamus.
1056 2817 1155 2899 Cujus
1171 2815 1204 2879 in
1218 2816 1351 2880 exordio
1366 2835 1469 2896 aeque

299 2931 398 3004 atque
422 2923 455 2987 in
479 2922 587 3004 priore
611 2923 811 3005 panegyrico
837 2922 1022 2986 sententias
1039 2941 1057 2987 e
1073 2923 1254 2986 Menandro
1279 2922 1470 3004 desumpsit.

299 3029 389 3095 Dicit
413 3029 498 3094 enim
523 3028 575 3094 lic
603 3028 647 3112 (p.
673 3029 769 3112 368);
802 3021 852 3090 ὅτι
881 3025 1013 3091 άτοπύν
1042 3029 1113 3091 ε’στι
1136 3028 1305 3092 τοσούτων
1330 3027 1469 3111 άγαίλῶν

301 3134 396 3218 παρά
421 3135 585 3217 βασιλέων
606 3136 830 3218 πειρωμένους
844 3135 889 3220 μὴ
907 3135 966 3200 τὸν
982 3136 1158 3218 πρέποντα
1180 3136 1236 3198 καὶ
1253 3135 1471 3220 ὀφειλόμενον

301 3241 412 3315 αὐτοῖς
451 3239 569 3325 ἐ’ρανον
601 3241 816 3309 ἀποδιδόναι.
871 3243 1015 3326 Quocum
1055 3243 1207 3310 conferas
1249 3244 1346 3311 Velim
1390 3247 1470 3309 haee

299 3353 401 3416 verba
427 3349 615 3415 Mamertini
645 3349 677 3414 in
711 3350 819 3433 capite
842 3351 962 3433 primo:
996 3351 1126 3435 ‘Omnes
1158 3351 1286 3432 quidem
1315 3351 1470 3430 homines,

300 3457 525 3524 sacratissime
548 3457 740 3539 imperator,
773 3457 827 3538 qui
851 3458 1020 3541 majestati
1044 3464 1178 3525 vestrae
1209 3458 1323 3522 laudes
1349 3462 1472 3522 canunt

300 3573 334 3631 et
365 3565 495 3649 gratias
527 3570 645 3646 agunt,
678 3564 823 3629 debitum
856 3564 950 3629 vobis
983 3570 1144 3629 conantur
1176 3564 1347 3628 exsolvere
1384 3561 1470 3649 (quis

300 3673 385 3738 euim
410 3679 470 3752 est,
495 3671 550 3752 qui
573 3671 679 3754 possit
702 3670 886 3752 implere?)‚
912 3670 1018 3735 sentio
1044 3678 1153 3735 tamen
1179 3690 1198 3734 a
1222 3689 1273 3736 me
1296 3671 1471 3754 praecipue

300 3782 361 3846 hoc
395 3780 470 3862 piac
506 3778 597 3844 vocis
637 3778 779 3843 officium
811 3778 884 3860 jure
924 3778 1062 3858 quodam
1103 3778 1309 3845 sacrosancti
1348 3777 1472 3843 fenoris

300 3886 475 3969 postulari,
506 3894 544 3950 ut
568 3884 849 3967 exspectationem
877 3884 1036 3950 sermonis
1061 3886 1131 3969 ejus
1164 3905 1257 3967 quem
1288 3885 1354 3950 tuis
1379 3882 1471 3964 quin-

301 3993 518 4076 quennalibus
542 4010 817 4075 praeparaveram
843 3992 905 4057 lrao
928 3992 1050 4075 gemini
1079 3993 1203 4058 natalis
1224 3988 1471 4075 praedicatione

301 4119 505 4182 compensem
537 4105 571 4164 et
602 4098 731 4164 dicendi
763 4117 879 4163 munus
917 4101 1002 4180 qnod
1034 4106 1113 4165 tunc
1150 4097 1220 4165 voti
1256 4095 1472 4178 promissione

302 4225 509 4287 susceperam
546 4223 631 4270 nunc
665 4204 826 4286 religione
866 4207 969 4271 debiti
1005 4201 1270 4287 repraesentem!
1323 4203 1406 4267 Item
1438 4202 1472 4267 in
