3352 4996
687 382 907 444 ..17-

211 575 243 641 in
269 574 386 657 quibus
410 579 510 655 poeta
538 577 672 655 gentem
696 570 823 653 Olybrii
848 575 882 636 et
905 571 1040 636 Probini
1065 571 1225 652 celebrat,
1257 569 1384 638 adhoc

212 681 387 749 Menandri
412 685 565 761 spectant
590 677 679 761 (pag.
705 678 800 761 370):
826 677 1012 762 θεωρήσεις
1037 675 1074 742 δὲ
1099 677 1214 755 πάλιν,
1239 678 1386 763 πότερον

133 791 135 800 ’
212 786 352 862 ’ἔνδοξον
383 785 486 849 αὐτοῦ
516 783 553 848 τὸ
585 785 676 866 γένος
699 780 720 866 ἢ
747 779 793 850 ob'.
841 783 914 867 Qua
946 783 978 848 in
1011 785 1108 851 laude
1141 784 1252 867 gentis
1284 784 1384 850 etiam

213 897 275 960 hoc
290 898 516 975 praeceptum:
542 890 583 965 ὥς
601 892 843 974 διαποροῦντος
866 894 926 952 σοῦ
950 889 1113 973 λέγοντος,
1140 883 1223 955 ὅθεν
1246 890 1307 976 χρὴ
1325 890 1385 974 τὴν

215 998 320 1086 ἀρχὴν
343 1003 408 1062 νων
431 998 592 1081 ἐγκωμίων
616 996 832 1081 ποιήσασθαι
857 998 1008 1063 adhibuit
1030 1018 1084 1065 VV.
1110 998 1224 1082 nesab:

348 1108 448 1190 Quem
472 1105 563 1188 prius
588 1103 789 1188 adgrediar?
837 1105 968 1170 Veteris
992 1105 1064 1185 quis
1089 1106 1181 1171 facta
1204 1105 1339 1170 Probini

349 1213 486 1279 Nesciat
509 1217 568 1278 aut
591 1211 709 1277 nimias
732 1212 848 1276 laudes
871 1211 1003 1294 ignoret
1027 1213 1167 1294 Olybri?

302 1321 414 1401 Neque
438 1320 544 1384 minus
575 1319 608 1383 in
633 1318 784 1383 oratione
808 1319 930 1383 Rornae
964 1319 1045 1383 deae
1075 1319 1109 1382 hi
1140 1320 1203 1386 loci
1233 1320 1321 1384 inter
1352 1338 1387 1384 se

216 1427 436 1492 consentiunt.
483 1427 568 1491 Men.
601 1424 691 1508 (pag.
718 1423 813 1508 370):
845 1428 952 1488 ταῦτα
982 1425 1037 1487 καὶ
1068 1423 1110 1486 τὰ
1141 1431 1279 1489 τοιαῦτα
1311 1427 1388 1507 περὶ

217 1538 277 1596 τοῦ
301 1533 413 1616 γένους
439 1531 714 1615 ἀφοσιωσάμενος
729 1531 834 1594 πάλιν
851 1531 940 1616 ζήτει
964 1531 1005 1594 τὰ
1023 1534 1100 1614 περὶ
1116 1533 1270 1614 γενέσιως
1287 1531 1390 1596 αὐτοῦ

217 1642 277 1702 τοῦ
300 1637 470 1721 βασιλέως.
517 1637 562 1703 Ol.
587 1657 640 1704 VV.
667 1644 857 1704 142-146:

352 1744 436 1810 Sunt
459 1743 537 1809 mibi
559 1746 720 1826 pubentes
745 1748 813 1810 alto
838 1747 878 1811 de
903 1747 1025 1813 semine
1050 1748 1183 1827 fratres

350 1851 496 1934 Pignora
520 1871 598 1916 cara
621 1853 729 1933 Probi,
754 1852 843 1918 festa
866 1873 947 1934 qnos
971 1855 1044 1926 luce
1069 1861 1198 1920 creatos

349 1959 428 2040 Ipsa
452 1978 522 2024 meo
547 1959 616 2026 fovi
640 1959 774 2041 gremio.
822 1960 992 2025 Cunabula
1015 1960 1128 2043 parvis

352 2066 431 2147 Ipsa
455 2065 538 2146 dedi,
564 2085 635 2131 cum
658 2066 775 2130 matris
800 2086 881 2132 onus
906 2068 1032 2133 Lucina
1056 2070 1188 2134 beatum

355 2172 507 2240 Solveret
532 2178 566 2238 et
589 2192 727 2255 magnos
752 2173 940 2256 proferrent
965 2175 1074 2241 sidera
1097 2181 1222 2257 partus.

310 2281 394 2345 Men.
418 2299 494 2362 pag.
520 2286 600 2344 371:
632 2275 694 2342 κᾶν
717 2279 778 2362 μὲν
803 2279 837 2343 ἐν
861 2279 968 2363 λόγοις
996 2287 1017 2368 ᾗ
1043 2284 1099 2346 καὶ
1124 2281 1310 2368 ᾳιλοσοφίρι
1340 2284 1396 2345 καὶ

220 2386 322 2468 λόγων
344 2386 472 2468 γνωσει,
497 2390 597 2448 τοῦτο
622 2385 828 2461 ἐπαινέσεις·

309 2491 422 2556 Claud.
446 2511 500 2558 vv.
527 2492 662 2576 lbblbl:

354 2597 473 2662 Pieriis
496 2598 622 2680 pollent
646 2600 765 2665 studiis
789 2601 955 2682 multoque
979 2602 1167 2667 redundant

355 2705 504 2786 Eloquia

310 2813 396 2878 Men.
426 2831 503 2894 pag.
537 2818 617 2878 372:
654 2806 704 2876 ὅτι
740 2815 864 2888 δίκαιος
900 2813 1026 2897 ἐγένετο
1061 2811 1082 2901 ἢ
1115 2817 1255 2900 σώφρων
1287 2816 1322 2880 ἐν
1353 2842 1391 2901 cp

221 2920 358 3006 νιόιιμι.

311 3027 423 3093 Claud.
448 3047 502 3094 vv.
531 3025 668 3109 lbllbb:

356 3133 419 3198 Sed
445 3133 603 3215 gravibus
629 3133 716 3198 curis
741 3133 881 3199 animum
907 3135 1029 3201 sortita
1053 3137 1188 3201 senilem

357 3240 463 3320 Ignea
486 3240 649 3322 longaevo
674 3240 826 3305 frenatur
850 3243 946 3306 corde
969 3243 1135 3308 iuventus.

312 3346 396 3411 Item
420 3344 452 3408 in
478 3345 626 3410 oratione
651 3345 798 3410 Tiberini
822 3366 938 3412 versus
964 3354 1043 3413 246:

357 3450 481 3516 Navita
505 3452 683 3532 tranquillo
708 3452 931 3518 moderabitur
955 3473 1097 3535 aequore
1120 3456 1230 3537 pinum

226 3577 295 3622 cum
320 3557 370 3620 his
393 3557 566 3620 Menandri
590 3557 700 3622 verbis
725 3558 894 3639 congruit:
920 3559 1050 3623 πλιῐιαι
1075 3560 1094 3645 ἦ
1122 3560 1285 3623 θάλασσα
1310 3561 1395 3624 ἀκιν-

226 3661 338 3735 δύνως.
377 3662 441 3726 Sed
465 3668 502 3727 nt
527 3664 655 3728 omnino
681 3665 817 3728 Romam
842 3672 875 3728 et
897 3665 1083 3731 Tiberinum
1109 3667 1141 3730 in
1167 3668 1228 3730 lroc
1252 3667 1395 3732 carmine

224 3769 397 3849 loquentes
421 3767 557 3849 faceret,
582 3769 727 3835 fortasse
752 3776 931 3835 commotus
956 3777 1008 3836 est
1029 3773 1089 3836 boo
1106 3778 1280 3854 praecepto
1307 3771 1395 3855 (pag.

226 3871 321 3958 374):
361 3873 512 3938 ἐνταῦθα
550 3875 665 3954 καιρὸν
702 3871 787 3951 Γἑξιις
824 3879 878 3940 καὶ
918 3877 1046 3941 ἀνεῖναι
1080 3877 1164 3941 κατὰ
1198 3879 1303 3960 μέσον
1337 3877 1396 3941 τὸν

225 4087 443 4168 περιτιθέναι.
482 4087 664 4168 Propterea
688 4088 788 4154 etiam
808 4091 840 4156 in
858 4090 993 4171 reliquis
1014 4091 1213 4158 carminibus
1236 4111 1396 4173 personas

227 4193 277 4258 vel
302 4194 476 4258 Terrarum
502 4195 554 4259 vel
581 4194 768 4259 Fluviornm
795 4198 964 4264 adarmavit
989 4197 1197 4262 Claudianus.

1219 4323 1236 4374 2
