3352 4996
761 453 980 519 ..50-

375 647 487 714 Claud.
512 668 565 716 vv.
591 655 781 715 aes—302:

912 738 1122 822 Componitur
1146 740 1235 805 orbis

418 845 521 928 Regis
545 845 588 910 ad
612 846 792 928 exemplum
818 865 878 911 nee
902 845 951 912 sie
974 846 1143 913 inflectere
1167 866 1284 914 sensus

418 953 588 1017 Humanas
612 952 722 1018 edicta
745 954 860 1019 valent
884 972 980 1033 quarn
1005 953 1077 1020 vita
1100 954 1258 1038 regentis.

418 1059 539 1125 Mobile
564 1065 711 1125 mutatur
735 1079 862 1142 semper
886 1079 957 1126 euru
981 1061 1129 1145 principe
1153 1063 1283 1145 vulgus.

373 1166 489 1249 SyneS.
515 1186 584 1250 cap.
612 1173 667 1234 19;
701 1161 811 1240 Οὕτως
834 1166 917 1242 ἀξιῶ
940 1166 1000 1230 τὸν
1023 1167 1168 1250 βασιλέα
1191 1167 1302 1232 κοινὸν
1325 1167 1459 1251 άγαθὸν

283 1274 339 1336 καὶ
362 1271 491 1357 άτυφον
515 1265 599 1338 εἶναι
622 1279 656 1340 et
678 1293 747 1357 cap.
766 1280 824 1339 20:
848 1274 1019 1357 βασιλείας
1044 1274 1236 1358 ἐξοριστὲον
1252 1267 1336 1338 εἶναι
1352 1279 1458 1358 τῦφον

283 1381 339 1444 καί
363 1380 580 1444 πολυτέλειαν
605 1434 611 1447 .
637 1434 643 1447 .
668 1434 675 1447 .

373 1489 485 1560 Claud.
510 1508 563 1555 vv.
590 1495 652 1554 303
678 1509 761 1570 seq.:
865 1482 870 1495 '

417 1595 479 1661 His
503 1601 614 1661 tamen
638 1595 765 1662 effectis
789 1615 853 1661 neu
876 1595 1030 1661 fastidire
1054 1595 1196 1662 minores

416 1704 488 1768 Neu
509 1708 586 1786 pete
609 1703 833 1786 praescriptos
857 1702 979 1768 homini
1002 1704 1240 1790 transcendere
1263 1704 1355 1770 fines.

417 1810 574 1892 Inquinat
598 1809 751 1893 egregios
775 1810 932 1893 adjuncta
956 1810 1110 1892 superbia
1133 1830 1249 1878 mores.

373 1917 488 2000 syllos,
513 1937 583 2000 cap.
610 1923 667 1982 14:
691 1922 839 2003 τεχνίτης
862 1915 955 1980 ἐστὶν
980 1916 996 1978 ὃ
1020 1916 1177 2000 βασιλεῦς
1202 1917 1364 1999 πολέμιον’.

372 2026 445 2090 Ηοο
484 2023 684 2091 Claudianus
727 2024 760 2088 in
801 2024 990 2107 ampliorem
1034 2025 1190 2091 ambitum
1235 2026 1385 2091 extendit
1425 2026 1458 2091 in

286 2152 339 2199 vv.
365 2137 549 2197 320—336.
1296 2187 1300 2192 ,

373 2239 489 2322 Synes.
514 2259 583 2323 cap.
612 2245 667 2304 15:
705 2240 794 2325 Φημὶ
817 2238 878 2321 γάρ
904 2238 1002 2302 οὐδὲν
1026 2231 1127 2313 οὕτως
1151 2236 1349 2322 ἔμπροσθεν
1374 2238 1457 2304 άλλο

284 2352 380 2429 χείρω
412 2349 552 2430 ποιῆσαι
583 2345 626 2408 τά
645 2347 810 2428 Ῥωμαίων
842 2344 883 2418 ὥς
906 2345 967 2430 την
987 2346 1069 2429 περὶ
1101 2345 1139 2409 τὸ
1163 2346 1339 2430 βασιλικὸν
1363 2351 1458 2429 σῶμα

284 2453 407 2540 σκηνὴν
429 2454 485 2516 καὶ
508 2456 706 2538 θεραπείαν.
754 2453 866 2520 Claud.
890 2473 943 2521 vv.
970 2458 1132 2520 337-41.

370 2577 486 2660 SyneS.
515 2597 585 2660 cap.
613 2583 667 2644 13:
699 2629 704 2643 .
730 2629 736 2644 .
762 2629 768 2643 .
801 2574 890 2641 ἐ’νθα
923 2578 979 2640 καὶ
1015 2575 1118 2641 ἱππεῖ
1147 2578 1369 2643 συνιππεύσει
1402 2580 1458 2642 καὶ

281 2686 370 2768 πεζῷ
395 2687 631 2749 συνθευσεῖται
654 2685 708 2747 καὶ
733 2683 987 2750 συνοπλιτεύσει
1010 2687 1056 2765 τῷ
1084 2683 1203 2770 ὁπλίτῃ
1226 2683 1293 2748 κτλ.

370 2793 483 2859 Claud.
507 2811 561 2859 vv.
586 2796 649 2858 349
675 2797 709 2857 et
733 2797 791 2857 50:

413 2901 507 2964 Nune
530 2917 630 2979 eques
654 2898 688 2963 in
711 2898 836 2964 medias
862 2898 1006 2980 equiturn
1031 2904 1065 2964 te
1090 2917 1225 2964 consere
1250 2905 1393 2981 turmas;

413 3007 508 3072 Nune
530 3006 631 3088 pedes
656 3005 798 3071 assistas
822 3004 936 3088 pediti.

370 3114 485 3196 SyneS.
503 3131 572 3194 cap.
593 3118 647 3178 14:
673 3115 741 3186 πᾶς
763 3111 823 3194 γάρ
848 3110 961 3174 ἐθέλει
986 3116 1139 3175 πονεῖν
1162 3112 1242 3176 ὑπὸ
1267 3115 1455 3196 μάρτυρι

281 3224 326 3304 τῷ
349 3219 488 3304 βασιλεῖ.

370 3328 483 3393 Claud.
507 3346 537 3393 v.
562 3331 625 3393 350
651 3331 685 3392 et
710 3331 768 3392 51:

827 3416 909 3480 Turn
932 3415 1116 3498 promptius
1140 3416 1235 3480 ibunt

415 3525 462 3589 Te
486 3522 584 3604 socio,
609 3529 677 3589 tum
702 3522 897 3606 conspicuus
921 3527 1104 3605 gratusque
1128 3528 1263 3606 geretur

415 3631 497 3697 Sub
521 3636 563 3696 te
586 3637 704 3696 teste
727 3632 860 3696 labor.

372 3758 487 3840 SyneS.
513 3774 582 3838 cap.
609 3761 665 3821 15:
697 3756 752 3819 καὶ
778 3754 835 3819 οὐκ
866 3753 950 3830 άξιῶ
981 3758 1227 3840 παραβαθῇναι
1257 3758 1303 3837 τῷ
1325 3754 1461 3839 βασιλεῖ

275 3866 441 3948 Ῥωμαίων
472 3861 514 3926 τά
540 3863 676 3945 πάτρια.
723 3863 856 3947 Πάτρια
889 3859 926 3925 δὲ
950 3860 1031 3945 ἡγοῦ
1049 3859 1216 3942 Ῥωμαίων
1245 3860 1282 3924 οὐ
1306 3862 1349 3924 τά
1373 3863 1456 3944 χθὲς

279 3974 335 4036 καὶ
366 3970 481 4058 πρώην
520 3967 563 4043 εἰς
595 3968 868 4056 ἐκδεδιῃτημένην
906 3963 970 4054 ἤδη
1010 3967 1232 4050 παρελθόντα
1262 3968 1324 4052 την
1363 3970 1455 4033 πολι-

280 4084 385 4159 τείαν,
417 4076 488 4140 ἀλλ’
513 4076 549 4141 ἐν
573 4067 621 4150 οἷς
646 4073 736 4149 ὄντες
761 4075 942 4160 ἐκτήσαντο
966 4073 1027 4159 τὴν
1051 4073 1157 4159 άρχην
1189 4081 1222 4141 et
1247 4096 1272 4141 e.
1299 4082 1355 4142 16:
1384 4079 1455 4140 Νῦν

282 4177 339 4249 οὖν
370 4182 422 4268 ἀρ’
451 4180 587 4266 άμεινον
619 4182 783 4265 πράττετε
807 4235 813 4248 .
839 4235 845 4248 .
871 4234 877 4249 .
901 4178 921 4268 ἢ
948 4180 1026 4246 τόθ’
1057 4181 1154 4266 ἡνίκα
1184 4181 1359 4268 ἐξηγοῦντο
1390 4186 1456 4245 τῶν

281 4291 537 4375 στρατευμάτων
560 4285 677 4373 άνδρες
701 4289 849 4372 ἐνμέσῳ
873 4291 991 4365 ζῶντες
999 4315 1011 4368 ,·
