3352 4996
788 376 1004 436 ..20-

444 565 602 632 Omnibus
626 564 772 647 acceptis
797 565 882 630 ultro
908 571 941 630 te
965 565 1058 649 regia
1082 567 1184 632 solum

444 672 588 738 Protulit
611 678 645 738 et
667 672 776 754 patrio
801 671 881 736 felix
905 671 1067 738 adolescis
1091 672 1124 737 in
1149 677 1248 752 ostro,

444 781 655 860 Membraque
679 777 805 846 vestitu
830 797 995 859 nunquam
1018 778 1146 846 violata
1168 777 1308 861 profano

442 887 483 952 In
507 905 621 952 sacros
644 885 792 951 cecidere
817 884 918 965 sinus

310 993 343 1058 in
383 992 500 1073 quibus
538 991 696 1075 repetivit
734 992 795 1057 hoc
832 997 1059 1074 praeceptum:
1105 993 1180 1076 ἑξῆς
1220 989 1257 1055 δὲ
1296 991 1481 1076 κεφάλαιόν

310 1097 402 1164 ἐστιν
428 1098 448 1182 ἦ
473 1099 659 1183 ἀνατροφή,
684 1095 713 1160 εἰ
734 1097 770 1160 ἐν
792 1098 973 1181 βασιλείοις
1004 1098 1176 1183 ἀνετράφη
1207 1097 1273 1165 κτλ.
1321 1098 1479 1179 Sequitur

311 1205 397 1289 apud
429 1206 643 1272 Claudianum
674 1207 781 1287 locus,
814 1205 848 1269 in
880 1224 941 1285 quo
973 1205 1115 1288 patriam
1139 1205 1277 1272 Honorii
1308 1207 1480 1288 praedicat

312 1312 380 1397 (vv.
416 1313 614 1398 lau—141).
668 1314 809 1378 Prorsus
848 1312 933 1378 idem
971 1312 1134 1395 praecipit
1171 1313 1354 1379 Menander
1391 1314 1481 1380 hisce

310 1421 439 1487 verbis:
470 1418 555 1501 μετὰ
579 1418 622 1482 τὰ
645 1424 808 1501 προοίμια
833 1417 889 1480 ἐπὶ
913 1417 975 1503 τὴν
999 1421 1148 1503 πατρίδα
1171 1412 1269 1505 ἥξεις.
1317 1421 1427 1504 Quid?
1452 1421 1480 1486 si

310 1527 344 1592 in
368 1527 518 1594 versibus
545 1532 710 1606 141-48,
742 1525 797 1590 ubi
822 1525 861 1590 de
885 1525 1053 1591 natalibus
1077 1526 1216 1592 Honorii
1240 1527 1368 1610 agitur,
1400 1530 1481 1594 haec

311 1635 467 1719 legimus:

685 1740 776 1822 Quae
801 1745 881 1805 tunc
904 1740 1100 1805 documenta
1124 1739 1251 1806 futuri?

446 1848 538 1932 Quae
562 1867 660 1914 voces
685 1845 819 1913 avium?
844 1846 960 1927 quanti
982 1865 1042 1928 per
1064 1846 1163 1913 inane
1186 1849 1357 1914 volatus?

446 1955 509 2039 Qui
532 1960 646 2023 vatum
671 1955 839 2021 discursus
864 1952 962 2018 erat?
1002 1952 1075 2018 'libi
1101 1955 1253 2038 corniger
1276 1957 1437 2024 Hammon

444 2063 491 2128 ldt
514 2063 632 2129 dudum
658 2060 754 2128 taciti
777 2080 895 2143 rupere
919 2059 1053 2126 silentia
1076 2061 1205 2144 Delphi.

447 2171 493 2235 Te
517 2171 640 2235 Persae
664 2168 812 2235 cecinere
835 2167 933 2251 magi,
958 2173 992 2233 te
1016 2168 1122 2234 sensit
1145 2169 1307 2236 Etruscus

445 2279 561 2360 Augur
584 2283 618 2342 et
642 2275 801 2358 inspectis
825 2274 1029 2357 Babylonius
1053 2276 1181 2341 horruit
1205 2277 1317 2359 astris,

446 2382 603 2449 Chaldaei
627 2389 782 2465 stupuere
807 2401 903 2449 senes
927 2382 1136 2464 Cumanaque
1159 2402 1274 2450 rursus

444 2489 595 2556 Intonuit
618 2509 725 2572 rupes,
749 2489 885 2555 rabidae
909 2490 1045 2556 delubra
1070 2489 1225 2572 Sibyllae,

313 2618 421 2664 nonne
451 2598 484 2663 in
509 2603 624 2680 aperto
656 2603 707 2664 est
738 2603 869 2679 poetam
898 2614 1051 2664 servasse
1074 2605 1286 2680 pracceptum
1309 2599 1482 2667 Menandri

313 2705 398 2788 quod
415 2709 468 2771 est
485 2703 528 2788 (p.
547 2703 642 2789 371):
668 2702 785 2768 οὐκοῦν
802 2699 887 2766 ’ἐστιν
904 2721 957 2768 σοι
972 2702 1057 2783 μετὰ
1074 2701 1134 2787 τήν
1151 2707 1301 2786 πατρίδα
1324 2708 1380 2770 καὶ
1398 2706 1481 2788 μετὰ

316 2810 354 2874 τὸ
379 2812 471 2893 γένος
495 2815 607 2894 τρίτον
629 2808 814 2893 κεφάλαιον
837 2806 875 2870 τὸ
902 2809 976 2890 περὶ
1002 2812 1059 2892 τῆς
1081 2811 1247 2890 γενέσεως,
1279 2811 1321 2885 ὡς
1344 2809 1480 2896 ἔφαμεν,

314 2919 349 2982 εἴ
373 2942 405 2981 τι
438 2915 607 3000 σύμβολον
636 2915 747 2997 γέγονε
777 2915 854 2998 περὶ
886 2912 946 2976 τὸν
977 2911 1074 2977 τόκον
1105 2911 1125 3000 ἢ
1157 2915 1242 2978 κατὰ
1271 2922 1330 3003 γῆν
1360 2914 1380 3002 ἢ
1411 2917 1481 2982 κατ’

315 3021 457 3105 οὐρανὸν
488 3018 508 3107 ἢ
532 3020 617 3084 κατὰ
641 3020 828 3084 θάλασσαι·
853 3073 860 3088 .
885 3072 892 3089 .
918 3073 925 3088 .
948 3018 1010 3084 κᾶν
1040 3020 1102 3102 μὲν
1125 3015 1146 3107 ᾗ
1168 3047 1199 3087 τι
1223 3029 1374 3088 τοιοῦτον
1405 3027 1482 3108 περὶ

313 3130 373 3194 τὸν
395 3128 554 3213 βασιλέα,
579 3127 771 3210 ἒξὲργασαι·
795 3127 855 3189 ἐὰν
879 3126 919 3190 δὲ
944 3119 1016 3192 οἷόν
1039 3152 1075 3191 τε
1098 3121 1119 3214 ᾗ
1142 3128 1273 3194 πλάσαι
1296 3133 1351 3196 καὶ
1375 3136 1484 3196 ποιεῖν

314 3241 414 3300 τοῦτο
440 3239 610 3314 πιθανῶς,
643 3234 687 3318 μὴ
712 3234 879 3299 κατὸκνιι·
905 3237 1023 3298 δίδωσι
1045 3234 1106 3321 γὰρ
1127 3235 1148 3321 ἡ
1174 3235 1340 3313 ὑπόθεσις
1364 3239 1421 3306 διὰ
1445 3235 1483 3302 τδ

315 3342 391 3417 τούς
432 3342 613 3415 ἀκούοντας
652 3340 795 3429 ανάγκην
838 3338 924 3422 ’ἐχειν
968 3341 1202 3424 ἀβασανίστως
1240 3345 1403 3426 δέχεσθαι
1441 3344 1483 3406 τὰ

314 3448 463 3532 ἐγκώμια.
517 3448 593 3513 Jam
627 3447 661 3512 in
697 3447 848 3514 versibus
886 3452 1069 3529 149—438,
1104 3448 1138 3513 in
1174 3449 1290 3530 quibus
1325 3449 1483 3532 imprimis

314 3555 541 3621 educationem
557 3553 696 3619 Honorii
721 3558 856 3633 tractat,
881 3555 943 3619 hoo
958 3554 1131 3619 Menandri
1148 3554 1311 3620 adhibuit:
1336 3557 1485 3643 ζητήσεις

313 3660 374 3746 τήν
406 3663 573 3727 παιδείαν.
628 3659 713 3743 Quill
749 3659 848 3725 etiam
884 3661 944 3724 hoe
977 3666 1205 3742 praecepium:
1240 3659 1299 3734 τοὶς
1330 3662 1484 3736 τοιαύτας

313 3772 425 3830 τοίνυν
457 3767 639 3851 διαιρήσεις
670 3766 809 3848 πράξεις
842 3770 920 3847 δίχα
952 3767 997 3840 είς
1028 3792 1063 3830 τε
1094 3767 1136 3830 τα
1167 3766 1238 3831 κατ’
1270 3765 1399 3855 εἰρήνην
1430 3769 1485 3831 καὶ

313 3873 355 3936 τὰ
389 3871 475 3936 κατὰ
510 3872 659 3954 πόλεμον
693 3878 826 3937 secutus
863 3878 914 3937 est
949 3873 1159 3940 Claudianus.
1216 3875 1365 3941 Enarrat
1400 3875 1484 3940 enim

314 4000 367 4047 vv.
392 3984 567 4045 439-483
599 3999 653 4046 res
684 3979 719 4044 in
749 3981 835 4045 bello
867 3986 982 4062 gestas
1015 3985 1048 4045 et
1080 4001 1132 4048 vv.
1157 3986 1332 4048 484-637
1366 4001 1419 4047 res
1450 3982 1483 4045 in

313 4106 395 4169 pace
419 4092 543 4170 gestas.
591 4087 663 4169 Qua
687 4087 721 4150 in
745 4085 955 4152 enarratione
987 4087 1020 4151 hi
1045 4087 1167 4171 singuli
1197 4088 1261 4152 loci
1285 4089 1485 4154 concordare

313 4192 392 4258 mihi
415 4192 586 4259 videntur:
