3352 4996
723 402 944 460 -12-

338 592 422 656 Men.
447 611 522 672 pag.
548 571 628 655 374:
662 591 857 674 διαγράψιις
890 588 926 651 δὲ
952 591 1008 652 καὶ
1033 589 1226 653 πανοπλίαν
1257 591 1418 672 βασιλέως

248 697 304 759 καὶ
328 695 569 781 ἐπιστρατείας.
616 699 695 763 Nan.
720 717 789 779 cap.
813 698 939 762 XXIX.

338 805 424 870 Men.
455 824 530 886 pag.
556 809 637 870 374:
668 805 724 867 καὶ
757 796 807 866 ύνι
839 801 1090 884 ι’σιινοχωρεϊνο
1124 802 1183 886 (sc.
1214 803 1319 888 χώρα)
1352 807 1419 876 τοῖς

249 913 314 972 τῶν
349 911 522 973 πισύνω-ων
557 912 709 992 σώμασιν
744 931 810 992 eqs.
863 913 941 977 Nau.
974 931 1043 992 cap.
1068 912 1183 976 XXX:
1221 913 1301 995 ‘Non
1335 931 1418 976 oom-

249 1021 434 1084 memorabo
459 1018 511 1084 hio
535 1023 643 1085 tectas
669 1019 835 1084 continuis
858 1018 1027 1101 stragibus
1048 1019 1148 1100 ripas,
1173 1038 1235 1084 non
1254 1021 1419 1101 oppletum

249 1126 378 1194 acervis
403 1145 572 1208 corporum
590 1125 733 1191 Tiberim
758 1131 792 1192 et
815 1126 903 1190 inter
927 1129 1105 1208 congestas
1129 1125 1197 1190 alte
1222 1127 1418 1192 cadaverum

248 1234 350 1299 moles
381 1253 481 1315 aegro
512 1233 586 1298 nisu
617 1253 656 1298 ao
680 1233 736 1299 vix
760 1232 982 1298 eluctantibus
1014 1231 1203 1315 gurgitibus
1227 1232 1419 1299 eneuntem.²

341 1342 428 1406 Men.
453 1359 527 1422 pag.
553 1346 633 1406 376:
665 1345 701 1401 σι’
722 1332 780 1404 οόν
804 1337 955 1402 {orobba
979 1338 1080 1420 ἓρεΐςς
1114 1331 1165 1402 ότι
1189 1338 1245 1402 διό
1277 1340 1420 1422 βασιλέα

250 1447 418 1531 σώφρονες
440 1445 502 1527 μὲν
527 1445 559 1509 οἱ
580 1447 689 1528 γάμοι.
735 1447 814 1512 Nau.
840 1466 909 1528 cap.
935 1452 992 1512 34:
1024 1447 1109 1530 ‘Jam
1137 1447 1194 1512 illa
1226 1447 1283 1513 vix
1315 1449 1418 1513 audeo

249 1555 289 1620 de
320 1558 416 1620 tanto
447 1554 593 1636 principe
625 1573 889 1633 commemorare,
922 1555 1006 1634 quod
1032 1555 1153 1620 nullam
1187 1560 1419 1634 matronarum,

249 1661 301 1728 cui
332 1660 438 1727 forma
468 1661 672 1726 emendatior
703 1661 817 1741 luerit,
850 1661 926 1726 boni
951 1661 1001 1726 sui
1024 1661 1145 1744 piguit,
1178 1681 1248 1727 cum
1278 1664 1338 1728 sub
1363 1663 1418 1727 ab·

249 1768 487 1834 stiuentissimo
526 1768 724 1850 imperatore
767 1768 894 1851 species
933 1769 1101 1835 luculenta
1144 1788 1209 1834 non
1247 1769 1420 1835 incitatrix

248 1875 403 1942 licentiae
428 1880 526 1956 esset,
552 1876 609 1940 sed
632 1875 765 1958 pudoris
790 1873 974 1940 hortatrix.’

338 1984 423 2048 Men.
447 2003 523 2066 pag.
549 1989 629 2048 375:
661 1983 716 2044 καὶ
741 1981 776 2044 ἓν
798 1980 860 2063 μὲν
884 1973 923 2066 τῇ
948 1983 1142 2068 δικαιοσύνη
1173 1982 1211 2044 τό
1236 1976 1357 2067 ἥμερον
1381 1982 1418 2046 νδ

249 2089 332 2169 πρός
356 2088 432 2162 νοός
456 2089 620 2174 ὑπηκόους
649 2089 850 2165 ἐπαινέσεις,
882 2092 940 2171 τῆς
964 2087 1000 2152 δὲ
1028 2088 1112 2172 πρός
1143 2089 1219 2164 τούς
1244 2090 1420 2170 δεομένους

249 2195 505 2279 φιλανθρωπίας
529 2195 566 2258 νό
593 2195 811 2278 εὐπρόσοδον.
863 2198 941 2261 Naz.
967 2216 1036 2278 cap.
1062 2202 1120 2262 34:
1154 2197 1271 2281 ‘Quidl
1303 2197 1419 2263 faciles

249 2303 369 2383 aditus
399 2303 501 2384 quid?
531 2323 628 2369 aures
652 2303 924 2385 patientissimas,
950 2304 1051 2384 quid?
1085 2305 1228 2387 benigna
1250 2323 1419 2387 responsa,

249 2409 350 2490 quid?
395 2411 521 2476 vultum
556 2411 661 2493 ipsum
698 2411 832 2493 augusti
868 2411 994 2476 decoris
1030 2411 1213 2493 gravitate,
1249 2411 1419 2476 hilaritate

248 2517 405 2597 admixta,
438 2519 660 2585 venerandum
694 2517 847 2598 quiddam
881 2523 914 2584 et
939 2519 1079 2585 amabile
1104 2519 1315 2600 renitentem,
1347 2518 1419 2599 quis

248 2625 346 2707 digne
370 2625 506 2706 exsequi
530 2623 671 2708 possit?'

337 2733 422 2797 Men.
435 2752 510 2815 pag.
525 2739 602 2798 376:
620 2731 702 2794 δύαι
718 2731 754 2794 δὲ
772 2733 828 2795 καὶ
845 2731 964 2814 ἀγῶνες
979 2733 1035 2795 καὶ
1052 2733 1248 2816 πανηγύρεις
1263 2731 1347 2813 μενό
1361 2737 1420 2795 νοῦ

249 2840 476 2924 προσήκοντος
499 2841 626 2920 κόσμον
649 2840 704 2902 καὶ
728 2843 786 2923 τῆς
811 2839 1004 2925 πρεπούσης
1029 2840 1244 2925 σωφροσύνης
1266 2845 1420 2920 γίνονται.

246 2947 326 3013 Nam.
341 2967 410 3028 cap.
424 2953 481 3012 35:
504 2947 600 3031 ‘circo
618 2947 681 3028 ipsi
697 2947 837 3012 maximo
854 2947 1010 3011 sublimes
1025 2946 1172 3028 porticus
1190 2951 1223 3011 et
1243 2947 1420 3012 rutilantes

248 3072 327 3119 auro
352 3056 521 3119 columnae
545 3059 674 3118 tantum
698 3053 851 3119 inusitati
875 3057 1012 3119 ornatus
1037 3053 1199 3118 dederunt
1222 3060 1259 3118 ut
1282 3054 1338 3119 illo
1356 3074 1418 3119 non

247 3159 353 3226 minus
366 3161 482 3242 cupide
495 3160 712 3228 conveniatur
724 3160 787 3226 loci
799 3161 910 3243 gratia
925 3180 1022 3242 quam
1035 3161 1214 3242 spectaculi
1228 3160 1420 3243 voluptate!

336 3273 521 3351 Συγκρίσως
538 3268 677 3349 denique
697 3268 911 3334 inveniuntur
934 3268 968 3333 in
986 3268 1149 3350 capitibus
1165 3269 1223 3349 XI,
1240 3270 1312 3349 XV,
1328 3269 1418 3335 XVI.

336 3377 448 3457 Neque
473 3375 578 3440 minus
604 3375 648 3441 Cl.
673 3375 890 3441 Mamertinus
922 3375 1058 3457 primam
1090 3381 1216 3456 partem
1250 3374 1418 3453 orationis,

247 3502 311 3564 qua
327 3483 461 3548 Juliano
485 3482 676 3565 imperatori
700 3482 740 3547 de
765 3483 940 3548 consulatu
964 3500 1022 3546 suo
1048 3481 1177 3563 gratias
1202 3481 1280 3563 egit,
1305 3499 1418 3545 seeun-

248 3590 323 3655 dum
340 3590 514 3655 Menandri
536 3595 716 3672 praecepta
741 3589 931 3671 composuit.
971 3589 1019 3652 Ne
1040 3589 1157 3669 longus
1183 3587 1252 3666 sim,
1276 3587 1309 3652 in
1326 3607 1419 3670 prae-

247 3696 375 3762 latione
400 3695 442 3780 (o.
466 3698 483 3762 I
507 3704 542 3762 et
564 3697 612 3780 Π)
641 3699 726 3762 hano
750 3695 950 3761 sententiam
976 3693 1149 3758 Menandri
1174 3692 1217 3776 (p.
1243 3694 1340 3779 368):
1371 3688 1421 3758 bur

248 3799 380 3866 ἄτοπόν
412 3801 483 3866 ἐσσι
513 3804 682 3866 τοσούτων
713 3802 852 3884 ἀναδῶν
883 3800 976 3884 παρό
1002 3799 1168 3884 βασιλέων
1200 3805 1421 3885 πειρωμένους

247 3910 292 3994 μη
320 3909 378 3973 τόν
404 3910 579 3994 πρέπουσα
606 3909 662 3972 καὶ
688 3908 906 3993 ὀφειλόμενον
934 3907 1046 3982 αύσοΐς
1071 3903 1190 3988 ’έρανυν
1218 3907 1422 3972 ἀποδιδόναι
1448 3935 1451 3940 ·

247 4017 348 4084 latius
378 4024 573 4100 prosecutus
605 4024 665 4082 est.
712 4019 793 4081 Tum
824 4017 857 4081 in
883 4037 953 4100 cap.
979 4023 1063 4082 3—-7
1098 4016 1246 4082 breviter
1276 4020 1421 4094 enarrat,

247 4144 330 4205 quae
361 4124 515 4190 Julianus
547 4123 627 4190 foris
660 4129 694 4190 et
725 4123 758 4188 in
791 4143 862 4206 cap.
888 4128 1014 4204 8-14,
1048 4142 1132 4203 quae
1164 4121 1250 4188 domi
1280 4140 1338 4203 pro
1370 4141 1420 4186 re-

247 4231 380 4315 publica
404 4230 519 4314 gessit.
