3352 4996
702 410 922 469 „15-

224 599 358 681 proeliis
382 599 589 665 Britanniam
613 598 780 664 referam?
828 598 915 664 Saxo
941 604 1151 680 consumptus
1176 598 1271 665 bellis
1295 619 1396 667 nava-

225 707 312 773 libus
336 705 500 773 offeretur.
546 707 730 772 Reductum
763 706 805 771 ad
828 706 966 788 paludes
998 725 1076 771 suas
1101 705 1233 772 Scotum
1256 706 1397 788 loquar?

226 814 412 896 compulsus
444 813 478 878 in
503 813 699 879 solitudines
724 813 819 879 avias
844 813 949 878 omnis
973 814 1178 879 Alamannus
1202 818 1236 879 ct
1259 820 1399 894 uterque

225 921 361 987 Maurus
385 927 567 986 occurrent.
614 921 693 986 (lum
716 919 820 1003 igitur
843 919 1001 1002 impediat
1025 921 1124 986 turba
1156 920 1324 1002 dilectum,
1356 922 1398 987 ad

225 1030 286 1094 hoc
320 1027 408 1093 tanti
442 1027 506 1094 viri
542 1033 641 1111 gesta
677 1032 829 1108 praestet
867 1026 902 1092 in
941 1046 1098 1093 summam
1136 1027 1262 1093 referre
1302 1048 1398 1109 quam

205 1135 444 1200 enumerando
477 1141 632 1200 tenuare:
664 1134 788 1199 dixisse
820 1133 967 1200 sufficiat
998 1152 1095 1199 unum
1119 1134 1210 1200 illum
1238 1134 1398 1201 divinitus

226 1241 406 1322 exstitisse,
426 1241 459 1306 in
478 1261 539 1323 quo
558 1241 700 1307 virtutes
718 1241 813 1306 simul
831 1260 942 1306 omnes
959 1241 1121 1324 vigerent,
1146 1261 1230 1322 quae
1247 1241 1399 1326 singulae

225 1349 258 1414 in
283 1349 466 1414 hominibus
498 1346 752 1430 praedicantur!
798 1349 881 1414 Nam
911 1347 987 1413 illas
1012 1348 1224 1430 quaestiones
1255 1350 1398 1416 rhetoris

227 1475 299 1522 esse
324 1475 387 1521 uno
411 1457 513 1522 verbo
538 1455 703 1520 monuisse
728 1455 868 1537 sufficit3
900 1455 935 1520 in
958 1460 1124 1536 postremo
1157 1462 1267 1522 autem
1298 1476 1398 1523 enun-

225 1563 310 1629 tiato
335 1564 396 1628 hoc
412 1562 586 1629 Menandri
609 1562 723 1644 paucis
748 1562 923 1645 repetitum
944 1562 1022 1627 mihi
1038 1562 1172 1630 videtur
1196 1561 1285 1648 (pag.
1304 1563 1398 1650 380):

230 1664 304 1732 ὅσοι
320 1668 382 1751 μέν
398 1663 456 1732 ούν
471 1670 643 1751 γεγόνασιν
660 1665 816 1751 ἀρχοντες
838 1670 894 1732 καὶ
909 1667 989 1751 παρ’
1006 1667 1085 1754 ἡμῖν
1100 1671 1155 1733 καὶ
1171 1669 1251 1754 παρ’
1264 1669 1399 1754 ἑτέροις,

227 1771 248 1859 ἢ
260 1781 306 1858 τῷ
317 1776 402 1858 γένει
413 1776 505 1857 μόνῳ
518 1773 749 1856 σνμνύνεσάαι
766 1771 887 1850 ’έδοξαν
900 1770 920 1858 ἢ
933 1776 1098 1861 φρόνησιν
1110 1775 1364 1860 προύβάλλοντο
1378 1773 1399 1863 ἢ

226 1887 290 1946 τῶν
307 1879 414 1946 ἀλλων
431 1887 513 1966 μιάν
530 1883 673 1965 ἀρεταῖν·
697 1873 792 1954 οὗτος
808 1880 845 1945 δὲ
864 1874 914 1944 ὅτι
929 1885 975 1964 τῷ
991 1881 1075 1964 γένει
1091 1884 1227 1946 πάντων
1242 1889 1397 1967 κρείττων

227 1989 310 2068 ε’στί,
334 1991 492 2073 καθάπερ
516 1989 571 2051 καὶ
597 1987 613 2051 ὃ
638 1983 731 2073 ἥλιος
760 1993 827 2053 τῶν
850 1988 999 2073 ἀστέρων
1031 1988 1209 2073 δέδεικται,
1240 1989 1325 2071 μετά
1348 2014 1399 2072 μι·

228 2095 307 2179 κρὸν
338 2095 375 2159 δέ
399 2099 454 2160 καὶ
478 2095 535 2159 ε’πὶ
559 2100 631 2168 ταῖς
663 2093 796 2178 ἀρεταῖς
827 2096 1130 2182 ἀαομασάήσεται,
1163 2104 1316 2182 κρείττων
1338 2097 1400 2179 μὲν

227 2201 262 2265 ἐν
286 2203 479 2288 δικαιοσύνῃ
503 2207 568 2268 τῶν
592 2203 650 2267 ἐπὶ
675 2204 869 2288 δικαιοσύνῃ
894 2204 1106 2286 φρονούντων
1131 2204 1265 2288 ὀφθεὶς,
1296 2211 1399 2288 κρείτ·

229 2335 293 2374 των
318 2310 356 2373 δέ
381 2310 415 2373 ἓν
439 2310 578 2396 ἀνδρείᾳ
600 2312 656 2373 καὶ
679 2315 833 2391 κρείττων
857 2308 894 2372 δὲ
919 2308 955 2373 έν
979 2312 1186 2397 σωφροσύνῃ.

317 2420 409 2500 Quae
433 2438 504 2484 oum
528 2419 578 2485 ita
602 2420 682 2498 sint,
715 2418 874 2484 Pacatum
898 2419 932 2483 in
957 2419 1170 2500 sequentibus
1194 2420 1295 2486 etiam
1318 2423 1400 2488 haec

229 2524 403 2589 Menandri
427 2530 605 2607 praecepta
628 2524 691 2590 sibi
715 2525 881 2592 servanda
904 2530 1041 2607 putasse
1057 2545 1123 2591 non
1139 2528 1297 2593 habemus
1314 2530 1399 2610 quod

229 2631 391 2697 miremur.

316 2739 401 2804 Men.
416 2758 447 2820 p.
466 2743 545 2804 375:
569 2739 625 2802 καὶ
643 2738 678 2802 έν
692 2737 754 2819 μὲν
769 2741 810 2824 τῇ
826 2737 1019 2824 δικαιοσύνῃ
1042 2737 1081 2802 τὸ
1105 2734 1228 2825 ἥμερον
1251 2740 1289 2804 τὸ
1315 2741 1401 2825 πρὸς

227 2844 304 2919 τούς
328 2844 495 2931 ύπῃκόονς
527 2843 726 2924 ἐπαινέσεις,
758 2849 816 2930 τῆς
840 2845 878 2910 δὲ
902 2845 989 2931 πρὸς
1020 2845 1096 2920 τοὺς
1128 2848 1306 2929 δεομένους
1329 2848 1400 2932 φιλ-

227 2957 426 3035 ανθ-ρωπίας
449 2950 487 3014 τὸ
513 2950 733 3033 εὐπρόσοδον.
780 2952 856 3018 Pac.
882 2973 907 3018 ο,
933 2959 991 3019 21:
1024 2955 1135 3038 ‘Velut
1157 2955 1295 3037 primum
1319 2955 1400 3021 illud

227 3062 279 3123 est
311 3056 366 3141 (ne
398 3058 512 3124 statim
542 3077 668 3124 summa
699 3058 881 3144 capiamus)
914 3060 999 3141 quod
1032 3063 1146 3127 creber
1176 3081 1314 3145 egressu
1345 3081 1399 3128 ex-

226 3165 437 3244 pectantibus
468 3165 597 3248 populis
621 3171 655 3231 te
679 3165 798 3231 fateris
823 3185 883 3232 nec
908 3167 1013 3233 videri
1044 3169 1138 3234 modo
1169 3169 1310 3251 patiens
1341 3170 1399 3235 sed

227 3269 336 3335 facilis
361 3271 445 3336 adiri
470 3292 487 3336 e
511 3273 657 3354 proximo
683 3272 805 3354 accipis
830 3278 909 3340 vota
933 3274 1097 3340 hominum
1122 3281 1250 3341 tuorum
1277 3275 1336 3342 -.’

317 3378 403 3444 Men.
427 3398 503 3461 pag.
528 3385 607 3445 373:
639 3381 694 3442 καὶ
724 3379 791 3464 μὴν
821 3381 876 3442 καὶ
905 3382 1111 3462 πεζομαχίας
1143 3381 1318 3466 έκφράσεις
1344 3386 1401 3447 καὶ

226 3483 360 3547 ἱππέων
385 3484 615 3558 διασκευάσεις
639 3483 850 3567 ἱππομαχίας
873 3487 928 3549 καὶ
954 3479 1033 3549 ὅλον
1058 3488 1292 3571 στρατοπέδου
1315 3487 1400 3572 πρὸς

229 3582 306 3652 δίον
329 3591 565 3675 στρατόπεδον
586 3592 707 3678 μάχην.
753 3593 851 3658 Tales
880 3612 1064 3676 pugnarum
1088 3594 1327 3676 descriptiones
1350 3593 1399 3658 in·

227 3695 375 3762 venimus
406 3697 438 3761 in
469 3716 538 3779 cap.
564 3702 614 3778 34,
645 3697 679 3762 in
709 3697 873 3778 capitibus
899 3703 939 3764 35
965 3703 999 3763 et
1024 3704 1075 3765 36.
1122 3699 1247 3782 Quibus
1278 3700 1311 3764 in
1345 3700 1399 3765 de·

226 3801 460 3883 scriptionibus
484 3822 549 3868 non
574 3803 683 3869 omisit
701 3805 761 3868 hoc
778 3803 969 3870 Menandri:
996 3799 1047 3869 ὅτι
1063 3804 1315 3888 ε’στένοχωρεϊτο
1331 3811 1400 3879 τοῖς

224 3912 289 3972 τῶν
312 3909 487 3973 πεσόντων
511 3909 664 3990 σώμασιν
694 3909 837 3975 orationi
861 3910 1019 3976 intexere.
1067 3910 1224 3994 Legimus
1256 3911 1342 3978 enim
1366 3912 1400 3977 in

224 4013 333 4098 capite
363 4020 405 4081 34
438 4016 519 4080 haec
554 4016 673 4081 verba:
712 4021 856 4100 ‘spumat
895 4017 1027 4083 decolor
1062 4036 1177 4083 cruore
1209 4017 1330 4085 fluvius
1366 4029 1399 4086 et

225 4126 421 4188 cunctantes
460 4127 589 4188 meatus
628 4122 685 4188 vix
724 4123 886 4190 eructatis
926 4123 1144 4191 cadaveribus
1184 4125 1310 4192 evolvit
1337 4124 1399 4192 -.'

225 4236 351 4302 Deinde
382 4239 416 4303 in
446 4258 516 4320 cap.
540 4243 671 4304 40-42
705 4238 859 4305 fortunae
882 4240 1058 4305 Theodosii
1089 4240 1287 4307 mentionem
1317 4241 1400 4307 lacit
