3352 4996
771 413 986 470 ...36-

379 602 456 667 Ρ66.
481 619 507 666 6.
532 608 565 666 9:

290 707 356 793 ‘Sic
387 712 538 791 agrestes
563 707 665 787 Curii,
698 707 745 772 sic
777 712 908 774 veteres
941 706 1138 788 Coruncani,
1171 707 1218 773 sic
1250 707 1381 774 nomina
1411 727 1461 773 re·

290 816 436 882 verenda
459 814 674 895 Fabricii,
704 834 775 880 cum
798 813 951 880 induciae
974 815 1062 880 bella
1087 815 1341 897 suspenderant,
1373 815 1461 880 iuter

290 929 443 988 aratra
467 922 627 989 vivebant
651 929 694 1002 et,
715 940 756 987 16
778 922 883 988 virtus
901 921 1011 1002 quiete
1036 922 1276 1005 languesceret,
1301 923 1461 1005 depositis

289 1029 323 1094 in
354 1029 478 1113 gremio
503 1029 680 1112 Capitolini
704 1028 800 1096 Iovis
831 1029 955 1095 laureis
987 1028 1202 1112 triumphales
1233 1029 1297 1096 viri
1321 1031 1460 1097 rustica·

289 1135 429 1204 bantur!

379 1244 491 1310 Claud.
516 1264 547 1311 v.
570 1249 652 1310 457:

423 1351 504 1435 Quis
528 1351 652 1419 victum
676 1349 824 1416 meminit
848 1351 918 1416 sola
942 1350 1115 1417 formidine
1139 1352 1314 1417 Rhenum?

377 1460 445 1526 Iuc.
468 1479 587 1542 paneg.
612 1459 724 1525 Coust.
749 1457 817 1543 (V.)
843 1478 868 1523 r.
896 1463 951 1524 13:

288 1604 341 1653 ,-
364 1573 501 1650 repente
532 1567 648 1632 Rheno
682 1565 837 1631 institisti
874 1585 1064 1646 omnemque
1098 1566 1187 1631 illum
1224 1567 1359 1633 limitem
1395 1587 1459 1632 non

288 1674 496 1756 equestribus
527 1693 632 1756 neque
662 1673 872 1756 pedestribus
904 1673 1019 1755 copim,
1052 1674 1109 1739 sed
1140 1674 1350 1755 praesentiae
1382 1682 1460 1741 tuae

287 1787 415 1848 terrore
438 1787 569 1848 tutatus
595 1780 649 1849 es’

377 1889 490 1957 Claud.
514 1909 545 1956 v.
569 1894 652 1955 454:

530 2003 564 2062 et
587 2015 706 2079 magno
730 2014 874 2077 pacem
898 2014 955 2076 pro
981 2014 1153 2060 munere
1178 1996 1290 2063 donat.

376 2106 472 2171 Mam.
497 2106 557 2170 XI.
583 2112 618 2169 7:

287 2249 339 2296 ,-
362 2211 656 2278 innumerabilibus
680 2209 832 2275 barbaris
864 2210 945 2275 data
976 2209 1074 2276 venia
1107 2215 1141 2275 et
1169 2229 1313 2276 munus
1337 2211 1458 2294 pacis

286 2318 468 2385 iudultum.’

378 2426 489 2492 Claud.
513 2445 567 2493 vv.
592 2431 655 2491 518
680 2444 763 2506 sep:

421 2533 573 2616 Quantus
596 2553 629 2598 m
654 2551 710 2598 ore
733 2537 830 2615 pater
852 2531 979 2598 radiat!
1004 2551 1100 2613 quam
1124 2538 1222 2599 torva
1245 2532 1400 2614 voluptas

420 2640 556 2707 Frontis
581 2645 615 2706 et
639 2639 774 2723 augusti
797 2639 956 2706 maiestas
981 2646 1080 2722 grata
1103 2639 1254 2721 pudoris!

374 2748 442 2814 Inc.
466 2767 585 2831 paneg.
610 2747 720 2813 Coust.
745 2745 848 2831 (VH.)
874 2767 899 2813 c.
924 2751 962 2812 4:

286 2857 376 2941 ,Inde
401 2860 466 2936 est,
499 2855 584 2936 quod
607 2859 705 2920 tanta
729 2874 770 2920 ex
793 2854 849 2920 illo
873 2854 907 2918 in
936 2860 969 2919 16
994 2854 1118 2920 formae
1143 2854 1322 2919 similitudo
1347 2859 1457 2920 11616·

285 2963 361 3042 ivit,
402 2969 439 3028 ut
471 2962 626 3045 signante
662 2967 783 3026 natura
818 2960 966 3027 vultibus
1003 2959 1070 3025 tuis
1102 2961 1263 3043 impressa
1294 2962 1456 3028 videatur.

285 3070 374 3135 Idem
407 3069 492 3135 enim
516 3074 568 3134 est
600 3088 692 3149 quem
718 3088 832 3134 rursus
857 3069 890 3132 in
915 3074 948 3133 te
973 3068 1108 3133 colimus
1141 3074 1310 3150 aspectus,
1343 3070 1456 3134 eadem

284 3176 317 3240 11
342 3176 452 3242 116116
482 3175 652 3259 gravitaS,
683 3175 795 3241 eadem
827 3175 860 3239 iu
885 3175 987 3240 oculis
1012 3181 1044 3240 et
1073 3175 1106 3240 in
1132 3195 1187 3241 ore
1210 3173 1457 3257 tranquillitas²

374 3283 486 3349 Claud.
511 3302 565 3350 vv.
590 3289 761 3364 thesea:

419 3391 453 3457 Si
477 3390 626 3457 domiuus
650 3391 818 3473 legeretur
842 3390 942 3471 equis,
966 3396 1025 3456 tua
1048 3396 1201 3473 posceret
1224 3391 1311 3456 ultro

417 3500 566 3564 Verbera
589 3497 764 3564 Nereidum
789 3497 930 3563 stabulis
955 3497 1101 3563 nutritus
1126 3497 1257 3563 Arion

418 3606 631 3687 Serviretqne
655 3605 722 3671 tuis
746 3611 934 3687 contempto
959 3605 1140 3670 Castore
1165 3604 1268 3670 frenis

417 3714 620 3796 Cyllarus
645 3718 680 3778 et
702 3713 823 3780 flavum
847 3713 1004 3778 Xanthus
1028 3713 1212 3795 sprevisset
1236 3712 1405 3778 Achillem.

415 3822 492 3903 Ipse
515 3820 577 3886 tibi
601 3820 743 3887 famulas
766 3821 944 3903 praeberet
966 3821 1160 3904 Pegasus
1184 3820 1256 3886 alas
1281 3856 1323 3866 -

371 3929 439 3995 Ino.
463 3928 483 3994 l.
507 3929 527 3994 l.
552 3947 578 3994 6.
603 3934 639 3993 8:

283 4035 373 4122 ,Quis
398 4034 482 4101 enim
506 4040 541 4100 te
565 4034 769 4118 Cyllarus
794 4039 853 4100 aut
876 4034 1008 4100 Arion
1040 4041 1154 4118 posset
1185 4034 1327 4117 eripere,
1359 4053 1452 4115 quem

283 4144 483 4226 sequebatur
516 4140 720 4225 imperiuml’
751 4178 793 4188 -
822 4142 942 4208 Confer
977 4143 1077 4208 etiam
1108 4146 1230 4208 Auson.
1266 4146 1353 4225 grat.
1389 4148 1453 4208 661.

282 4271 309 4318 6.
333 4251 449 4316 XVIII
481 4248 545 4335 (ed.
570 4248 754 4334 Schenkl.):
786 4251 989 4334 ,Pegasus
1020 4250 1154 4317 volucer
1185 4256 1280 4315 actus
1305 4269 1325 4314 a
1348 4248 1453 4331 Lycia
