3352 4996
682 383 897 444 ...33-

295 581 408 647 Claud.
432 599 463 646 v.
490 585 550 644 101
577 584 611 644 et
638 583 717 643 loa:

338 686 482 753 Nuntius
505 685 576 767 ipse
601 685 651 750 sni
675 685 793 767 longas
816 682 1007 767 incognitus
1032 681 1102 767 egit

339 796 584 860 Praevento
609 810 738 857 rumore
763 790 836 858 vias
862 827 913 857 -.

295 904 392 967 Mam.
417 900 561 984 genethl.
586 899 673 964 Max.
699 918 725 964 o.
750 904 786 964 8:

207 1047 259 1095 ι-
283 1009 373 1091 ipsos
409 1005 568 1088 siquidem
608 1024 688 1086 qnos
726 1003 976 1086 praemiseratis
1020 1003 1154 1069 nuntios
1198 1001 1379 1084 reliquistis

206 1118 374 1200 ipsamque
407 1132 491 1195 quae
522 1131 582 1180 vos
614 1117 735 1177 conata
767 1116 819 1176 est
848 1110 1111 1192 praevenire
1140 1110 1260 1176 famam
1285 1129 1379 1192 prae·

206 1221 378 1290 vertistis!

296 1328 408 1395 Claud.
433 1348 464 1394 v.
491 1333 569 1392 103:

342 1442 376 1501 et
400 1436 531 1500 clausos
555 1438 693 1513 montes,
719 1440 755 1498 nt
778 1433 887 1515 plana,
911 1431 1107 1514 reliquit.

296 1543 393 1607 Mam.
417 1543 437 1606 l.
462 1541 481 1606 l.
507 1560 534 1608 e.
560 1548 596 1607 9:

206 1689 259 1736 ι-
284 1650 360 1715 hino
384 1647 514 1714 Cottias
538 1649 639 1730 Alpes
664 1647 759 1728 qnasi
782 1647 971 1712 relictas
1001 1652 1098 1712 aestu
1122 1666 1242 1712 arenas
1265 1652 1380 1728 paten-

206 1759 287 1825 tium
311 1756 443 1823 litorum
469 1752 738 1820 transcurristis.²

296 1863 408 1929 Claud.
434 1881 486 1929 vv.
514 1866 576 1927 114
600 1866 634 1926 et
660 1865 736 1925 115:

731 1967 804 2049 paui
828 1987 892 2032 non
917 1967 1031 2033 intulit
1054 1967 1171 2034 iram:

341 2078 423 2143 Post
446 2074 535 2141 aoies
560 2074 643 2140 odiis
668 2074 752 2140 idem
777 2074 832 2156 qni
857 2075 1016 2141 terminus
1041 2075 1180 2140 armis,

296 2186 372 2250 Pac.
398 2204 423 2248 o.
448 2188 507 2246 45:

207 2288 510 2378 promanantia)
542 2294 579 2354 tu
610 2288 714 2371 ipsius
747 2288 908 2354 victoriae
939 2289 1048 2356 vietor
1079 2289 1128 2353 ita
1160 2308 1284 2354 omnem
1310 2307 1381 2352 oum

209 2400 337 2465 armis
361 2400 463 2463 iram
489 2396 685 2478 deposuisti,
718 2404 754 2462 ut
778 2397 934 2462 ceciderit
958 2416 1051 2462 nemo
1075 2402 1151 2478 post
1175 2393 1314 2461 bellum’
1341 2432 1376 2441 —

300 2505 410 2570 Claud.
434 2523 464 2571 v.
492 2509 570 2568 118:

590 2611 786 2692 Magnarum
810 2611 1004 2693 largitor
1029 2631 1132 2694 opum.

299 2719 395 2784 Mam.
419 2719 477 2785 XI.
502 2737 528 2783 o.
556 2722 612 2781 12:

208 2826 407 2911 ‘divitiarum
431 2821 644 2906 largitor.²

297 2933 409 2999 Claud.
433 2953 487 3000 vv.
515 2935 683 2997 132-34:

340 3039 545 3106 Herculis
570 3046 604 3104 et
628 3038 751 3102 Bromii
776 3045 945 3105 sustentat
968 3040 1075 3122 gloria
1099 3041 1285 3120 Thebae,

341 3147 462 3212 Haesit
486 3145 657 3228 Apollineo
683 3146 783 3211 Delos
807 3146 951 3212 Latonia
974 3153 1073 3228 partu

342 3255 504 3333 Cretaque
529 3272 564 3318 se
585 3252 695 3334 jactat
719 3259 833 3318 tenero
858 3259 1035 3335 reptata
1059 3254 1212 3320 Tonanti.

300 3361 372 3425 l'ao.
398 3380 424 3424 o.
447 3360 509 3424 IV:

208 3467 322 3551 ‘Cedat
346 3466 397 3532 his
422 3466 521 3531 terris
553 3473 644 3532 terra
669 3467 837 3532 Cretensis
868 3467 963 3549 parvi
986 3467 1082 3534 Jovis
1114 3467 1259 3550 gloriata
1283 3485 1382 3534 ouria·

208 3573 294 3639 bulis
319 3578 353 3638 et
376 3573 516 3656 geminis
534 3574 634 3639 Delos
658 3580 837 3656 reptata
861 3574 1047 3640 numinibus
1070 3579 1105 3639 et
1129 3575 1259 3640 alumno
1277 3577 1382 3640 Her-

209 3681 302 3746 onle
326 3680 452 3746 nobiles
477 3681 655 3746 Thebae.

296 3788 410 3852 Claud.
434 3807 488 3854 vv.
515 3792 705 3854 loo—153:

644 3896 811 3962 exercitus
837 3895 978 3976 undique
1004 3895 1135 3978 fulgens

342 4000 479 4082 Astitit;
505 4001 647 4066 ambitur
672 4003 777 4085 signis
802 4003 976 4085 angustior
1000 4002 1120 4083 infans,

342 4107 453 4176 Sentit
477 4108 655 4174 adorantes
679 4111 806 4192 galeae,
830 4110 1002 4190 redditque
1027 4109 1168 4177 ferocem

341 4215 542 4298 Vagitum
566 4214 718 4281 lituus,

1207 4346 1224 4396 3
