3352 4996
796 431 1011 490 ..23-

320 617 457 683 Omnino
483 623 590 683 autern
609 618 809 685 Claudianus
834 620 1057 684 fundamentis
1082 623 1248 686 arhetore
1268 620 1387 702 positis
1411 639 1489 686 usus

320 743 381 790 sua
411 733 484 790 arte
516 731 615 806 atque
647 726 755 792 indole
787 747 868 809 opus
899 733 936 792 ut
965 727 1014 792 ita
1039 727 1144 792 dicam
1175 728 1252 792 mibi
1278 729 1410 795 videtur
1436 747 1489 793 ex-

320 832 484 898 struxisse
508 832 642 915 dignum
666 833 751 914 quod
776 835 817 898 ab
842 834 991 899 omuibus
1017 839 1185 916 spectetur
1209 840 1241 899 et
1262 834 1490 917 perspiciatur.

768 1187 872 1276 Capul
894 1187 1043 1258 tertium.

297 1376 300 1382 ·
365 1358 497 1426 Quomodo
516 1358 676 1416 claudianus
695 1357 915 1428 panepyrloorum
934 1358 1075 1415 latinorum
1095 1359 1247 1427 scriptores
1265 1358 1386 1416 imitatus
1404 1360 1450 1416 alt.

411 1510 625 1576 Claudianum
650 1531 762 1577 ornnes
786 1511 854 1577 fere
886 1511 1027 1577 maiores
1058 1517 1175 1593 poetas
1200 1517 1234 1577 et
1258 1511 1433 1578 historicos
1458 1519 1492 1577 et

320 1617 539 1700 panegyricos
563 1618 687 1684 latinos
712 1617 846 1685 novisse
870 1624 904 1684 et
928 1638 968 1684 ex
993 1638 1103 1684 eorum
1126 1619 1219 1685 libris
1243 1619 1277 1683 in
1295 1619 1492 1685 carminibus

321 1725 498 1791 condendis
523 1725 673 1792 hausisse
698 1725 824 1791 Birtius
852 1726 885 1792 in
909 1725 1115 1808 praefatione
1140 1725 1295 1791 editionis
1320 1725 1492 1791 Claudiani

320 1831 432 1898 multis
456 1832 569 1898 allatis
594 1832 751 1914 exemplis
775 1833 895 1898 docuit.
942 1834 1054 1913 Neque
1078 1838 1189 1898 tamen
1221 1851 1271 1898 me
1304 1852 1435 1915 operam
1459 1837 1493 1898 et

321 1939 426 2005 oleum
449 1939 632 2020 perdidisse
663 1940 773 2020 credo,
806 1939 835 2004 si
859 1941 964 2005 denuo
996 1939 1154 2020 quomodo
1180 1939 1380 2005 Claudianus
1412 1959 1493 2022 pan·

321 2045 473 2128 egyricos
505 2045 627 2111 latinos
658 2045 808 2112 imitatus
844 2046 888 2112 sit
919 2046 1064 2127 inquiro,
1101 2062 1172 2112 cum
1203 2065 1266 2110 non
1297 2045 1394 2128 pauci
1426 2046 1494 2111 sint

320 2152 383 2217 loci
407 2153 461 2233 qui
486 2152 626 2218 Birtium
651 2152 808 2235 fugerint.
856 2153 1072 2235 Quamobrem
1098 2152 1269 2217 Claudiani
1295 2153 1493 2218 carminibus

320 2258 474 2341 deinceps
492 2279 564 2324 cum
580 2259 687 2340 Plinii,
712 2260 909 2340 Mamertini,
933 2259 1076 2340 Nazarii‚
1102 2259 1227 2340 Paesti,
1253 2259 1388 2325 aliorum
1413 2279 1492 2342 pan·

321 2365 463 2449 egyricis
489 2366 688 2449 comparatis
720 2367 809 2432 locos
837 2366 925 2432 inter
950 2385 985 2432 se
1010 2372 1229 2450 congruentes
1255 2385 1493 2449 componamus

320 2472 518 2555 Incipiamus
550 2473 653 2557 igitur
684 2494 704 2538 a
734 2473 935 2556 panegyrico
968 2473 1102 2539 Probini
1134 2479 1168 2538 et
1192 2472 1334 2554 Olybrii,
1366 2473 1398 2537 in
1430 2493 1492 2554 quo

320 2581 379 2646 bos
403 2581 491 2646 locos
517 2601 534 2646 e
557 2581 769 2665 panegyricis
793 2580 1014 2663 desumpsisse
1037 2580 1115 2645 mihi
1139 2580 1280 2647 videtur.

410 2724 523 2791 Claud.
547 2744 601 2792 vv.
626 2730 773 2791 22-28:

455 2832 554 2898 Haud
580 2851 675 2898 secus
700 2851 739 2897 ac
763 2831 901 2897 tacitam
924 2833 1020 2896 Luna
1043 2836 1206 2914 regnante
1230 2851 1289 2912 per
1313 2832 1439 2896 Arcton

455 2938 610 3004 Sidereae
635 2938 756 3004 cedunt
781 2937 878 3018 acies,
904 2957 975 3003 cum
999 2938 1105 3003 fratre
1129 2943 1241 3003 retuso

455 3046 610 3110 Aemulus
635 3045 785 3112 adversis
808 3045 1006 3128 flagraverit
1028 3044 1161 3128 ignibus
1186 3044 1288 3125 orbis3

453 3153 545 3218 Tunc
564 3153 663 3235 jubar
686 3152 821 3218 Arcturi
845 3153 992 3234 languet,
1017 3158 1096 3217 tunc
1120 3151 1213 3218 fulva
1237 3151 1341 3216 leonis

453 3261 509 3324 Ira
532 3259 627 3341 perit,
652 3261 806 3325 Plaustro
827 3264 895 3343 jana
919 3279 997 3325 rara
1021 3259 1210 3324 intermicat
1234 3260 1355 3324 Arctos
1430 3297 1431 3306 κ

453 3366 633 3450 Indignata
658 3367 736 3450 tegi,
757 3369 825 3450 jam
850 3366 1074 3450 caligantibus
1100 3367 1199 3432 annis

454 3472 581 3539 Debilis
608 3473 710 3539 Orien
734 3474 885 3538 dextram
909 3474 1048 3538 miratur
1071 3473 1219 3540 inertem.

409 3599 492 3666 Plin.
516 3618 592 3681 pan.
617 3618 686 3680 cap.
711 3596 807 3664 XIX:

321 3707 394 3792 ,Est
425 3708 507 3771 baec
538 3712 659 3772 natura
683 3706 862 3786 sideribus,
894 3711 932 3770 ut
962 3723 1067 3786 parva
1102 3711 1136 3769 et
1168 3703 1267 3770 exilia
1298 3704 1492 3771 validiorum

321 3819 456 3879 exortus
481 3811 654 3878 obscuret!

411 3938 523 4003 Claud.
549 3958 601 4004 vv.
625 3943 774 4002 48-54:

454 4046 618 4127 Praeceps
642 4044 700 4109 illa
725 4062 840 4109 manus
864 4043 981 4108 fluvios
1006 4044 1186 4126 superabat
1211 4043 1352 4108 Hiberos

455 4154 566 4217 Aurea
590 4149 677 4216 dona
701 4169 834 4218 vomens
859 4185 899 4196 -
923 4189 966 4197 -
990 4187 1033 4197 -

456 4258 622 4341 Quantum
647 4263 769 4341 stagna
793 4257 900 4341 Tagi
923 4257 1058 4322 rudibus
1078 4256 1249 4346 stillantia
1273 4256 1367 4322 venis
