3352 4996
703 392 924 452 ...39-

225 583 359 669 ,dixisse
376 583 522 650 sufficiat
538 603 636 649 unum
652 583 743 648 illum
761 581 921 650 divinitus
938 582 1101 664 extitisse,
1125 583 1159 648 in
1176 602 1238 665 quo
1254 582 1398 650 virtutes

225 692 321 758 simul
335 711 446 758 omnes
459 690 622 774 vigerent,
640 709 724 772 quae
737 690 889 773 singulae
901 689 934 755 in
947 690 1131 756 hominibus
1144 688 1398 773 praedicantur!

274 849 276 853 ·
314 817 426 883 Claud.
450 837 504 883 vv.
528 821 572 882 44
596 821 630 882 et
653 821 713 882 45:

357 924 434 989 Jam
457 929 528 990 tum
552 923 809 1005 conspicuus,
833 923 898 988 iam
923 927 991 988 tum
1015 921 1261 1000 venerabilis
1285 922 1357 987 ibas

358 1031 612 1114 Spondebatque
637 1031 750 1096 ducem
775 1028 855 1095 celsi
879 1028 968 1094 nitor
990 1029 1108 1112 igneus
1133 1029 1199 1095 oris
1224 1080 1230 1095 .
1256 1081 1262 1095 .

313 1140 389 1204 Pac.
413 1159 440 1205 c.
466 1144 498 1204 6:

225 1246 334 1329 ,Velut
358 1251 417 1311 tua
441 1247 522 1312 haec
551 1245 657 1311 forma
687 1243 970 1312 venerabilis
1002 1263 1099 1324 quam
1131 1243 1285 1309 fortunae
1317 1262 1397 1308 suae

223 1372 285 1434 par
316 1355 384 1418 est!
417 1372 513 1434 quam
545 1353 643 1436 longe
674 1353 807 1434 lateque
840 1351 1078 1434 conspicua
1108 1351 1315 1418 commendat
1337 1349 1396 1415 im-

223 1459 437 1542 peratoraml'

313 1585 425 1651 Claud.
449 1605 503 1652 vv.
530 1591 591 1650 122
616 1591 651 1652 et
675 1592 733 1651 23:

597 1693 757 1776 Quotiens
782 1694 857 1759 sub
883 1691 1075 1775 pellibus
1099 1690 1192 1774 egit

356 1800 492 1865 Edonas
516 1799 676 1865 hiemes
701 1851 708 1866 .
733 1802 756 1866 .!

312 1908 388 1972 Pac.
414 1927 439 1972 o.
464 1913 501 1972 8:

224 2018 357 2098 ,actas
382 2016 457 2080 sub
481 2014 672 2096 pellibus
697 2013 874 2080 hiemes'

313 2139 425 2205 Claud.
450 2159 503 2206 vv.
528 2145 591 2204 210
616 2159 700 2220 seq.:

355 2247 409 2313 Illi
433 2246 609 2326 terribiles
634 2247 751 2328 quibus
776 2246 845 2312 otia
870 2247 1013 2314 vendere
1037 2266 1164 2329 semper

356 2355 428 2419 Mos
453 2360 526 2419 erat
550 2359 584 2419 et
608 2353 705 2420 foeda
729 2353 873 2435 requiem
897 2355 1046 2420 mercede
1070 2353 1252 2436 pacisci,

355 2462 452 2525 Natis
477 2461 645 2526 obsidibus
668 2481 782 2543 pacem
806 2467 875 2526 tam
901 2461 1099 2544 supplice
1123 2461 1217 2528 vultu

357 2567 561 2650 Captivoque
584 2573 707 2651 rogant
730 2619 736 2634 .
762 2620 768 2634 .
794 2620 801 2635 .

311 2691 395 2758 Plin.
420 2713 446 2758 c.
474 2698 529 2758 12:

223 2797 418 2882 ,Accipimus
444 2799 574 2865 obsides
598 2819 687 2882 ergo,
712 2818 777 2865 non
798 2799 943 2884 emimus,
967 2819 1027 2865 nec
1050 2798 1243 2882 ingentibus
1267 2798 1395 2864 damnis

222 2905 452 2987 immensisque
475 2905 663 2972 muneribus
687 2906 963 2989 paciscimur,
988 2911 1025 2972 ut
1049 2905 1234 2974 vicerimus.
1264 2911 1395 2989 rogant,

222 3012 583 3095 suppHcaut..!

311 3138 424 3206 Claud.
449 3159 479 3206 v.
505 3144 586 3205 341:

354 3247 403 3311 Ne
427 3245 607 3312 timeare
631 3245 757 3313 times
783 3298 789 3313 .
815 3298 854 3314 ..

309 3354 388 3419 Naz.
414 3373 483 3436 cap.
511 3360 568 3419 18:

222 3460 319 3546 ,Nihil
350 3459 456 3543 magis
488 3460 697 3542 timuisti,
730 3480 827 3543 quam
858 3481 899 3528 ne
931 3458 1175 3527 timereris!
1229 3459 1394 3527 statium

221 3569 297 3634 Pac.
321 3587 348 3633 c.
374 3572 425 3634 35.

310 3692 423 3758 Claud.
447 3712 478 3758 V.
504 3699 584 3758 363:

352 3799 407 3864 Nil
430 3800 558 3866 tribuat
582 3801 734 3866 Fortuna
758 3799 831 3866 sibi.

220 3947 223 3952 ·
309 3925 376 3991 Ino.
400 3944 518 4008 paneg.
544 3925 654 3992 donst.
679 3926 751 3992 VH.
776 3944 802 3992 c.
828 3930 863 3990 2:

220 4050 290 4116 ,neo
313 4031 419 4113 possit
442 4033 594 4098 Fortuna
617 4031 741 4098 numini
765 4051 824 4098 suo
833 4028 859 4117 1)
882 4031 1061 4114 imputare,
1093 4033 1178 4114 quod
1206 4037 1298 4098 tuum
1321 4032 1394 4099 est!

311 4247 338 4314 1)
357 4247 401 4302 Sic
420 4264 480 4302 cum
498 4248 625 4304 Liuineio
645 4247 792 4316 legandum
812 4250 862 4302 est.
