3352 4996
776 310 992 372 ..32-

390 501 501 567 Claud.
526 521 556 567 v.
584 507 662 565 134:

432 647 476 655 -
499 627 574 673 num
599 609 716 674 saltem
741 595 884 672 ta'cita
908 606 1081 672 formidine
1106 612 1308 672 mussant.

388 717 455 782 lnc.
479 735 597 798 paneg.
622 713 831 780 Constantini
856 712 935 799 (lX)
960 734 986 780 c.
1012 719 1047 780 2:
1233 711 1238 718 “

299 859 351 907 4-
369 822 518 888 omnibns
541 821 611 888 fera
634 821 701 887 tuis
726 820 898 887 comitibus
919 825 953 886 et
970 820 1106 887 ducibus
1122 840 1186 886 non
1204 821 1307 886 solum
1331 819 1471 884 tacite

299 928 598 995 mussantibus
622 926 684 994 -.’

390 1036 501 1102 Claud.
526 1036 566 1102 de
589 1037 651 1102 ΙΙΙ.
675 1055 763 1102 cons,
787 1036 872 1100 Hon.
896 1055 926 1117 p.
953 1041 1010 1100 22:

885 1161 1064 1225 regumque
1088 1146 1240 1207 recentes

431 1249 582 1316 Exuviae
606 1249 667 1315 tibi
690 1249 817 1314 ludus
842 1254 946 1314 erant.

388 1359 467 1423 Naz.
492 1377 566 1440 pan.
592 1377 617 1422 c.
646 1362 702 1421 16:

299 1485 367 1551 ‘per
391 1464 658 1532 saevissimorum
682 1483 796 1546 regum
821 1463 949 1530 famosa
973 1462 1133 1544 supplicia
1156 1460 1357 1528 ludebas’

390 1564 502 1639 Claud.
526 1591 557 1639 v.
581 1577 640 1637 ab:

434 1679 488 1745 Sic
512 1684 635 1744 aetas
661 1679 798 1744 animo
824 1678 934 1744 cessit.

388 1788 467 1854 Naz.
493 1806 563 1869 cap.
589 1792 624 1852 3:

298 1933 350 1981 ι-
375 1894 510 1960 animo
531 1895 600 1977 jam
624 1912 711 1959 nunc
734 1892 841 1959 vincit
864 1890 1073 1958 aetatem!

389 2001 500 2068 Claud.
525 2020 555 2068 v.
583 2006 661 2066 157:

430 2108 562 2174 Indue
587 2112 696 2173 mente
721 2112 858 2188 patrem.

387 2218 484 2281 Mam.
509 2220 595 2298 grat.
621 2215 709 2280 actio
735 2235 760 2280 c.
786 2221 844 2280 27:

298 2359 349 2409 s—
374 2330 408 2389 et
432 2322 629 2389 offensarum
654 2321 798 2405 gratiam
823 2319 949 2387 faciens
974 2319 1120 2387 induit
1143 2319 1307 2406 fratrem'l

388 2429 500 2495 Claud.
526 2429 566 2494 de
589 2430 644 2494 IV.
671 2447 759 2495 cons.
783 2429 868 2494 Hon.
892 2447 946 2496 vv.
971 2433 1012 2493 59
1038 2447 1121 2509 sep:
1210 2431 1213 2434 ’

434 2537 532 2601 Nulla
555 2535 674 2601 relicta
698 2534 786 2601 foret
808 2534 986 2600 Romani
1010 2535 1194 2601 nominis
1219 2536 1341 2614 umbra,

432 2642 473 2708 Ni
497 2648 594 2724 pater
617 2641 672 2708 ille
697 2646 773 2706 tuus
798 2641 931 2706 iamiam
955 2641 1083 2708 ruitura
1108 2641 1305 2708 subisset

432 2751 584 2815 Pondere
607 2751 842 2829 turbatamque
866 2754 972 2814 ratem
997 2755 1153 2830 certaque
1178 2750 1326 2816 levasset

430 2855 648 2939 Naufragium
674 2874 841 2921 commune
865 2875 994 2922 manu.

388 2965 485 3028 Mam.
509 2981 627 3045 paneg.
653 2963 740 3028 Max.
766 2961 828 3047 (Π)
854 2982 879 3028 c.
904 2964 967 3029 IV:

298 3072 419 3156 ‘Neque
444 3069 528 3134 enirn
554 3088 625 3134 cum
648 3069 849 3151 reipublicae
877 3089 994 3136 navem
1020 3071 1183 3138 secundus
1209 3090 1228 3136 a
1251 3071 1351 3154 puppi
1374 3070 1474 3137 flatus

296 3178 495 3260 impelleret,
531 3177 711 3241 salutarem
748 3195 909 3241 manum
943 3178 1176 3260 gubernaculis
1207 3178 1379 3258 addidisti,
1416 3178 1474 3243 sed

302 3303 374 3351 curn
409 3283 451 3348 ad
486 3280 726 3347 restituendam
762 3302 833 3350 eam
867 3289 943 3365 post
976 3284 1120 3366 priorum
1155 3290 1336 3367 temporum
1367 3285 1474 3350 labem

303 3389 449 3455 divinum
474 3388 568 3454 modo
593 3408 632 3454 ac
664 3408 704 3453 ne
728 3388 761 3452 id
786 3389 914 3470 quidem
947 3390 1076 3456 unicum
1109 3390 1276 3457 sufficeret
1309 3390 1474 3470 auxilium,

302 3495 540 3579 praecipitanti
562 3496 747 3560 Romano
772 3495 929 3561 nomini
956 3498 1054 3579 juxta
1085 3497 1264 3579 principem
1293 3495 1474 3563 subisti’

393 3601 506 3669 Claud.
531 3621 561 3668 v.
586 3607 645 3667 89:

434 3709 507 3773 Non
531 3709 645 3774 hostes
669 3708 796 3775 victore
821 3710 952 3790 cadunt,
977 3710 1035 3775 sed
1059 3710 1165 3775 iudice
1190 3717 1312 3776 sontca

390 3816 467 3880 Pac.
492 3833 518 3880 c.
544 3820 585 3879 32
611 3814 650 3879 de
674 3814 803 3880 iisdem:

312 3920 470 4005 Quamvis
495 3921 608 4004 igitur,
629 3922 817 4003 imperator,
843 3922 938 3986 hoste
963 3922 1024 3986 tali
1049 3922 1232 3988 abutereris
1258 3942 1318 3988 nec
1342 3930 1409 3988 tam
1434 3922 1476 3987 ad

297 4028 454 4111 proelium
480 4029 717 4095 conserendum
743 4048 840 4109 quam
864 4028 907 4093 ad
932 4029 1124 4111 supplicium
1150 4029 1190 4094 de
1214 4030 1342 4094 nefario
1367 4029 1476 4111 capite

299 4135 491 4201 sumendum
517 4135 648 4202 venires
674 4133 735 4199 -.'
