3352 4996
689 423 906 493 ..35„.

344 620 402 686 Fit
425 623 564 703 populus
589 642 649 688 nec
674 622 761 688 ferre
785 629 898 706 negat,
923 642 992 688 cum
1017 623 1140 690 viderit
1163 623 1269 705 ipsum

344 729 521 794 Auctorem
544 748 661 811 parere
686 728 757 795 sibi.
1072 728 1074 733 ’
1260 757 1261 760 “

299 862 376 927 Pac.
401 881 426 927 c.
453 866 511 926 14:

211 967 468 1053 ι810001οη1111,
493 967 546 1035 sic'
563 977 631 1034 est:
656 976 834 1051 exasperat
858 969 1003 1036 homines
1026 969 1190 1052 imperata
1215 968 1384 1050 correctio,

211 1073 424 1141 blandissime
444 1075 581 1158 jubetur
605 1075 773 1158 exemplo!

301 1209 413 1274 Claud.
439 1229 491 1276 vv.
518 1214 579 1274 337
606 1229 687 1290 seq.:

344 1317 415 1380 Neu
438 1315 500 1380 tibi
523 1315 669 1398 regificis
694 1317 839 1382 tentoria
863 1318 958 1400 larga
982 1318 1168 1383 redundent

346 1422 552 1502 Deliciis,
576 1441 660 1488 neve
684 1423 831 1489 imbelles
856 1424 898 1488 ad
923 1425 1019 1508 signa
1042 1425 1269 1490 ministros

345 1529 509 1594 Luxuries
534 1537 664 1594 armata
688 1531 811 1595 trabat.
858 1531 928 1595 Neu
951 1531 1109 1598 flantibus
1134 1531 1268 1596 Austris

346 1637 417 1701 Neu
440 1636 562 1718 pluviis
587 1636 695 1716 cedas,
720 1656 783 1702 neu
808 1636 986 1703 defensura
1010 1640 1151 1704 calorem

347 1747 458 1809 Aurea
482 1750 711 1810 summoveant
735 1743 867 1825 rapidos
893 1745 1082 1810 umbracula
1108 1747 1204 1811 soles,

347 1850 499 1917 Inventis
524 1855 617 1916 utere
642 1851 732 1916 cibis.

306 1986 401 2050 llam.
425 1985 484 2051 XI.
509 2005 535 2050 0.
563 1991 619 2050 11;

213 2093 334 2177 ,Neque
357 2090 444 2156 enim
468 2091 499 2156 ei
522 2091 691 2172 parandae
716 2097 793 2157 sunt
816 2092 1005 2174 picturatae
1034 2113 1229 2159 marmorum
1255 2101 1387 2159 crustae

214 2205 248 2265 et
272 2199 375 2264 solido
401 2217 481 2264 auro
505 2204 597 2264 tecta
621 2198 809 2281 laquearia,
843 2199 897 2280 qui
921 2200 1076 2265 maiorem
1102 2202 1179 2266 anni
1203 2209 1329 2283 partem
1355 2201 1386 2265 in

214 2306 302 2372 nuda
334 2308 430 2372 humo
464 2308 562 2372 cubet
594 2312 628 2371 et
661 2307 751 2371 caelo
784 2312 913 2372 tantum
946 2312 1098 2390 tegatur3
1134 2328 1239 2391 neque
1270 2311 1389 2374 turbae

215 2414 404 2478 institorum
429 2433 468 2478 ac
492 2413 682 2478 deliciae
706 2413 1000 2478 ministrorum
1027 2414 1078 2479 cui
1103 2421 1171 2479 tam
1195 2435 1301 2497 pauca
1321 2417 1389 2481 sint

216 2519 447 2585 ministranda:
472 2538 577 2600 neque
605 2519 772 2602 impensus
798 2520 966 2601 epularum
991 2520 1021 2584 01
1045 2520 1100 2600 qui
1125 2522 1257 2604 saepius
1282 2528 1387 2586 stata-

214 2626 296 2690 rium
335 2626 507 2708 prandium
553 2626 594 2691 ad
636 2626 869 2691 necessitatem
916 2627 1047 2691 humani
1087 2629 1232 2708 corporis
1277 2629 1389 2710 capiat

215 2735 363 2816 gaudens
389 2732 553 2798 castrensi
577 2733 663 2812 cibo,
696 2733 878 2798 ministerio
913 2734 1009 2801 obvio
1034 2742 1068 2798 et
1091 2735 1206 2815 poculo
1231 2733 1388 2800 fortuito.'

305 2867 417 2932 Claud.
442 2887 472 2933 v.
498 2873 561 2933 343
587 2887 670 2948 seq.:

813 2957 840 3021 si
866 2957 959 3023 collis
983 2957 1123 3038 iniquus

349 3045 515 3110 Primus
538 3045 598 3109 ini
623 3065 689 3126 eqs

306 3172 380 3236 Pac.
406 3191 431 3237 c.
459 3177 515 3235 10:

216 3279 273 3362 ,Ne
297 3283 366 3343 tum
391 3277 519 3359 quidem
545 3329 551 3342 .
577 3329 583 3342 .
609 3329 616 3344 .
643 3261 757 3342 honori
781 3297 924 3360 operans
948 3277 1114 3357 remisisti,
1147 3278 1222 3358 quin
1249 3281 1387 3346 omnimo

216 3383 433 3449 castrensium
474 3402 642 3449 munerum
682 3402 834 3448 numeros
872 3384 975 3466 prim
987 3402 1032 3448 us
1072 3390 1130 3448 aut
1169 3404 1241 3450 cum
1275 3387 1389 3467 primis

217 3488 372 3556 obires’
396 3510 463 3571 eqs.

306 3614 418 3680 Claud.
442 3633 473 3682 v.
496 3619 561 3680 413
587 3633 671 3696 seq.:

350 3721 480 3802 Pauper
503 3726 577 3785 erat
602 3720 728 3800 curius,
754 3739 849 3801 reges
874 3738 946 3785 cum
970 3719 1119 3784 vinceret
1143 3721 1252 3800 armis

350 3827 481 3908 Pauper
504 3816 898 3908 Fabricius,oPyrrlri
923 3845 993 3892 cum
1018 3835 1189 3908 sperneret
1214 3847 1344 3911 aurum3

351 3931 491 3997 Sordida
515 3933 660 3998 dictator
683 3931 776 3997 flexit
801 3932 963 3998 Serranus
988 3939 1156 3998 aratra:

350 4039 532 4103 Lustratae
557 4039 672 4104 liotore
697 4059 796 4104 casae
820 4040 993 4120 fascesque
1018 4039 1157 4121 salignis

351 4145 507 4211 Postibus
531 4145 639 4226 affixi3
665 4147 823 4212 collectae
848 4148 981 4212 consule
1005 4165 1129 4211 messes

352 4253 397 4317 Et
421 4253 551 4318 sulcata
574 4251 629 4317 diu
654 4255 808 4318 trabeato
833 4271 910 4317 rura
935 4254 1057 4318 colono.
