3352 4996
722 426 942 485 „11-

248 637 331 698 quae
356 624 389 682 te
414 638 478 683 non
502 624 629 683 metuat
654 624 712 682 ant
736 616 864 700 diligat.
912 617 1029 682 Omnia
1053 615 1133 680 foris
1156 615 1300 698 placida,
1332 613 1418 678 domi
1462 606 1465 611 ’

244 744 413 808 prospera,
446 743 597 790 annonae
621 727 770 804 ubertaS,
803 724 969 790 fructuum
993 723 1096 806 copia.
1143 724 1336 788 Exomatae
1359 721 1416 786 mi·

245 833 383 897 randum
414 832 447 896 in
479 833 607 897 modum
640 851 678 896 ae
709 851 810 914 prope
841 832 881 896 de
912 831 1044 913 integro
1070 830 1222 895 conditae
1252 829 1416 896 civitates

245 941 359 1005 Novae
382 940 473 1022 leges
498 939 652 1022 regendis
668 939 813 1004 moribus
831 945 865 1004 et
881 938 1077 1021 frangendis
1095 937 1187 1004 vitiis
1205 937 1417 1003 constitutae.

245 1048 402 1112 Veterum
435 1035 656 1112 calumniosae
692 1048 849 1129 ambages
885 1046 1011 1112 recisae
1048 1045 1232 1127 captandae
1265 1043 1416 1127 simplici·

247 1153 329 1218 tatis
354 1154 489 1233 laqueos
512 1152 735 1234 perdiderunt.
782 1153 893 1217 Pudor
916 1157 1019 1231 tutus
1043 1151 1170 1217 munita
1194 1149 1365 1235 conjugia!

335 1259 407 1342 Qua
443 1279 513 1324 cum
549 1258 764 1341 dispositione
800 1259 952 1325 conferas
989 1259 1085 1326 velim
1125 1261 1210 1324 hanc
1244 1258 1417 1323 Menandri

246 1367 493 1449 dispositionem
517 1364 607 1450 (pag.
629 1367 725 1451 368);
750 1366 842 1452 λήψῃ
865 1372 977 1430 τοίνυν
1001 1365 1036 1428 ἐν
1060 1366 1165 1447 τούτῳ
1188 1363 1230 1426 τά
1255 1369 1419 1446 προοίμια

247 1472 403 1560 δηλονότι
428 1472 498 1536 άπὸ
523 1478 582 1556 τῆς
600 1473 782 1558 αὐξήσεως,
806 1473 951 1555 μέγεθος
974 1473 1161 1554 περιτιθεὶς
1177 1475 1217 1557 τῇ
1236 1471 1417 1550 ὗποθὲσει,

247 1571 299 1642 ὅτι
324 1579 534 1664 δυσέφικτος,
564 1581 618 1642 καὶ
645 1573 695 1642 ὅτι
717 1583 869 1662 καθῆκας
893 1577 1012 1642 ἑαυτὸν
1036 1576 1080 1652 εἰς
1105 1575 1214 1659 άγωνα
1239 1576 1277 1641 οὐ
1302 1575 1420 1662 ῥᾴδιον

246 1691 507 1772 κατορθωθῆναι
531 1685 624 1768 λόγῳ.
670 1705 747 1769 pag.
774 1692 854 1750 372:
886 1684 946 1757 τάς
969 1686 1125 1759 τοιαύτας
1155 1690 1266 1748 τοίνυν
1295 1684 1420 1768 διαιρή-

248 1810 313 1864 σεις
337 1792 475 1872 πράξεις
499 1795 579 1875 δίχα
603 1793 647 1865 εἴς
671 1816 706 1855 τε
730 1791 771 1854 τά
796 1791 867 1854 κατ’
892 1791 1026 1878 εἰρήνην
1057 1793 1113 1854 καὶ
1143 1791 1186 1854 τά
1210 1790 1296 1854 κατά
1320 1790 1418 1854 πόλε-

245 1920 319 1979 μον.
366 1918 440 1982 pag.
466 1906 546 1965 377:
577 1898 663 1980 μετά
686 1897 748 1983 τήν
772 1900 939 1982 σύγκρισιν
968 1897 1001 1960 οἱ
1025 1897 1181 1980 ἐπίλογοι.
1229 1897 1264 1960 ἐν
1287 1897 1418 1971 τοὺτοις

246 2003 329 2085 ἐρεῖς
360 2003 420 2078 τάς
451 2004 640 2092 εὐετηρίας,
677 2005 738 2079 τάς
770 2003 982 2087 εὐδαιμονίας
1018 2009 1082 2067 τῶν
1115 2004 1244 2069 πόλεων
1279 2013 1313 2071 et
1343 2025 1418 2071 mox

247 2111 283 2174 οὐ
305 2114 500 2194 δεδοίκαμεν
524 2114 726 2198 βαρβάρους,
753 2111 790 2176 οὐ
807 2111 986 2193 πολεμίους
1011 2119 1046 2178 et
1067 2133 1106 2178 ex
1129 2113 1418 2179 antecedentibus:

249 2219 332 2301 ε’ρεῖς
362 2242 393 2280 τι
416 2221 472 2282 καὶ
496 2222 573 2302 περὶ
597 2225 819 2301 νομοθεσίας,
853 2212 903 2283 ὅτι
925 2223 1109 2301 νομοθετεῖ
1135 2219 1177 2282 τά
1202 2221 1332 2299 δίκαια,
1364 2221 1420 2282 καὶ

245 2323 322 2398 τοὺς
352 2324 414 2406 μὲν
445 2325 578 2400 ἀδίκους
610 2331 674 2389 τῶν
704 2327 814 2408 νόμων
846 2325 1034 2409 διαγράφει,
1069 2329 1215 2400 δικαίους
1247 2325 1285 2391 δὲ
1319 2325 1419 2399 αὐτὸς

247 2432 414 2506 θεσπίζει.

336 2537 415 2602 Cum
437 2539 542 2621 igitur
564 2542 741 2606 Nazarium
773 2562 844 2607 cum
875 2541 909 2606 in
941 2547 1015 2607 tota
1046 2541 1261 2623 dispositione
1292 2548 1361 2607 turn
1385 2543 1418 2606 in

247 2646 459 2728 peroratione
483 2667 500 2712 e
524 2649 705 2714 Menandro
737 2650 880 2732 pendere
904 2648 1089 2728 videamus
1121 2649 1197 2729 quid
1229 2648 1358 2728 mirum,
1391 2649 1419 2714 si

247 2754 346 2819 etiam
372 2754 484 2820 multis
508 2754 584 2820 aliis
614 2756 695 2821 locis
727 2756 873 2839 vestigia
904 2756 1047 2821 rhetoris
1078 2755 1288 2822 invenimus?
1335 2757 1420 2820 Sunt

247 2880 326 2927 Vero
351 2861 384 2926 hi
408 2861 487 2927 loci:
512 2863 597 2928 Men.
614 2883 643 2944 p.
662 2869 739 2928 374:
763 2863 848 2944 μετά
873 2862 910 2926 τὸ
935 2862 1029 2935 τέλος
1053 2867 1118 2925 τῶν
1142 2862 1297 2946 πράξεων
1319 2858 1340 2945 ἢ
1364 2864 1420 2924 καί

246 2966 330 3050 πρὸς
352 2972 398 3049 τῷ
421 2969 507 3032 τέλει
532 2973 604 3031 τῶν
628 2969 785 3051 πράξεων
808 2969 891 3052 ἐρεῖς
918 2994 949 3031 τι
971 2971 1027 3032 καὶ
1052 2971 1128 3053 περὶ
1152 2974 1263 3056 τρίτἰγς
1287 2965 1418 3053 άρετῆς,

245 3072 325 3155 λέγω
358 3074 398 3157 δὴ
430 3079 487 3158 τῆς
519 3076 786 3160 φιλανθρωπίας.
833 3078 911 3142 Nau.
936 3097 1005 3159 unp.
1032 3078 1127 3143 VHI:
1164 3077 1200 3161 ,Ο
1230 3082 1330 3157 tuam,
1362 3077 1418 3141 im·

246 3187 394 3262 perator,
426 3201 490 3247 non
522 3182 696 3248 victoriam
728 3183 834 3265 magis
866 3202 961 3265 quam
996 3184 1201 3249 clementiam
1225 3184 1418 3266 praedican-

247 3286 338 3353 dam!
363 3293 505 3371 gravate
529 3296 609 3371 aput
633 3289 774 3355 animum
799 3297 890 3355 tunm
912 3290 1011 3356 etiam
1028 3291 1105 3356 mali
1121 3297 1269 3373 pereunt.
1293 3291 1419 3358 invitus

244 3395 411 3478 pugnasti,
437 3395 491 3476 qui
515 3402 582 3460 tam
607 3396 704 3462 facile
728 3397 906 3464 vincebas?

337 3504 421 3569 Meu.
451 3523 527 3586 pag,
553 3510 632 3570 376:
666 3495 738 3565 εἶτα
770 3502 868 3579 egee
900 3503 998 3584 ἰδεῖν,
1032 3506 1269 3593 ἐνθυμηθῆναι
1300 3504 1418 3584 δεινὸς,

247 3609 454 3690 προϊδέσθαι
488 3609 533 3672 τά
570 3609 731 3691 μέλλον
761 3616 916 3692 κρείττων
945 3613 1101 3694 μάντεως.
1155 3614 1234 3678 Naz.
1260 3632 1328 3695 cap.
1352 3613 1418 3677 XI:

246 3715 339 3798 ‘Quis
363 3715 446 3781 enim
472 3717 515 3783 ad
537 3718 827 3799 praesentiendum
851 3719 1030 3802 sagacior?
1062 3720 1135 3800 quis
1160 3719 1354 3802 vigilantior
1377 3720 1419 3784 ad

246 3822 444 3889 vitandum?
469 3825 541 3905 quis
566 3827 808 3907 contemplatur
828 3827 1021 3908 praesentia
1045 3827 1208 3907 aerina,
1233 3832 1420 3894 ventura

246 3929 416 4012 prolixius,
442 3932 597 4015 ambigua
621 3932 753 4013 certius,
778 3933 928 4015 captiosa
952 3933 1081 3999 felicius
1091 3932 1116 3999 ?'

335 4039 421 4104 Men.
445 4059 520 4122 pag.
546 4045 625 4105 373:
658 4041 713 4102 καὶ
743 4039 810 4123 μὴν
839 4042 896 4103 καὶ
928 4042 1133 4121 πεζομαχίας
1157 4039 1335 4124 ἐκφράσεις
1365 4041 1420 4103 καὶ

247 4143 377 4207 ἱππέων
402 4145 634 4217 διασκευάσεις
660 4145 872 4227 ἱππομαχίας
894 4148 950 4208 καὶ
974 4139 1052 4208 ὅλου
1077 4145 1309 4229 στρατοπέδου
1334 4145 1418 4226 πρὸς

247 4241 324 4312 ὅλον
349 4250 582 4333 στρατόπεδον
604 4251 724 4336 μάχιγν.
771 4253 849 4318 Nau.
874 4272 944 4336 cap.
970 4259 1110 4318 22-24.
