3352 4996
771 424 991 482 ..40-

384 615 496 680 Claud.
521 615 672 681 decons.
697 614 769 682 Stil.
793 615 847 681 lib.
871 617 913 683 II.
937 635 991 682 vv.
1021 620 1056 680 15
1082 620 1116 680 et
1143 620 1197 678 16:

624 761 666 769 —
692 728 731 788 ut
754 723 876 789 ferrum
900 724 1008 788 Marte
1033 726 1212 802 cruentum,

431 830 557 896 Sieeum
581 851 662 914 paee
686 831 776 898 feras
799 869 843 878 -

383 939 450 1003 Ino.
474 957 591 1021 paneg.
617 938 727 1005 Const.
753 936 831 1023 (IX)
857 958 882 1003 o.
911 944 966 1002 10:

294 1046 398 1130 ,Nova
422 1045 505 1110 enim
531 1047 671 1128 quadam
703 1046 870 1112 varietate
901 1051 1042 1110 naturae
1074 1045 1274 1125 confusoque
1306 1042 1465 1108 virtutum

295 1157 552 1234 temperamento
584 1152 669 1218 idem
701 1173 736 1218 es
769 1159 803 1218 et
833 1153 866 1218 in
891 1152 1023 1235 proeliis
1056 1151 1278 1218 ferocissimus
1311 1156 1345 1216 et
1368 1155 1466 1232 parta

295 1259 476 1325 securitate
500 1258 712 1325 mitissimus!

382 1366 494 1432 Claud.
519 1387 571 1433 vv.
599 1372 638 1432 18
663 1373 697 1433 et
724 1373 779 1432 19:
870 1367 1060 1449 deponas
1084 1367 1176 1433 ouius
1200 1366 1305 1431 iram

430 1474 533 1557 Quam
558 1493 701 1540 moveas.

383 1582 460 1648 Pae.
484 1602 510 1647 o.
534 1587 594 1648 45:

294 1724 346 1772 ,-
370 1708 434 1770 qua
466 1695 502 1755 tu
537 1689 640 1772 ipsius
671 1689 833 1757 victoriae
869 1689 977 1756 vietor
1012 1690 1061 1755 ita
1097 1708 1221 1756 omnem
1258 1707 1329 1754 oum
1365 1686 1465 1752 armis

293 1795 397 1860 iram
423 1796 699 1879 deposuisti.
725 1796 742 1864 .’

384 1904 496 1969 Claud.
522 1924 552 1970 v.
578 1911 635 1970 33:
774 1924 949 1986 numquam
972 1905 1134 1986 promissa
1158 1904 1287 1970 morari.

383 2013 459 2077 Pae.
484 2031 510 2077 o.
540 2017 594 2077 18:

293 2118 383 2203 ,Quis
408 2117 538 2183 debitor
562 2120 766 2185 verecundus
791 2118 840 2184 ita
865 2126 1009 2185 mutuum
1035 2120 1077 2185 ad
1102 2119 1185 2184 diem
1210 2118 1335 2197 reddit,
1367 2123 1405 2183 ut
1428 2124 1465 2182 tu

293 2225 378 2305 quod
403 2225 569 2307 promittis
594 2225 762 2308 appendis'
795 2233 829 2291 et
854 2247 927 2291 mox
958 2246 1065 2311 ,unum
1090 2226 1239 2294 invenire
1263 2245 1327 2290 non
1350 2244 1465 2307 possu-

293 2350 364 2396 mus
397 2331 489 2396 ouius
514 2352 602 2415 spem
634 2338 733 2414 atque
765 2333 1027 2416 expectationem
1063 2353 1128 2398 non
1159 2334 1264 2399 dicam
1296 2332 1465 2413 fefelleris,

293 2439 350 2520 sed
375 2458 458 2519 quae
483 2439 657 2505 delicatior
680 2447 733 2506 est
757 2442 901 2522 querela,
926 2439 1114 2506 distuleris!

382 2546 493 2612 Claud.
519 2566 571 2614 vv.
597 2553 745 2612 39--4l:
889 2568 950 2614 nee
973 2548 1091 2614 mobile
1115 2553 1223 2613 mutat

425 2654 613 2736 Ingenium:
637 2674 762 2736 parvae
787 2655 929 2737 strepitu
953 2675 1014 2720 neo
1038 2655 1170 2721 vincula
1194 2674 1300 2720 noxae

426 2760 573 2827 Dissolvi
597 2762 732 2843 patitur.

382 2869 531 2934 Mamert.
556 2869 615 2935 XI.
640 2889 666 2934 o.
692 2876 748 2934 26:

291 2974 336 3058 ,Si
360 2974 461 3055 aliqui
486 2980 563 3040 suut
586 2975 733 3057 improbi,
759 2975 941 3042 tolerandis
966 2976 1175 3043 familiarium
1202 2975 1292 3042 vitiis
1312 2975 1460 3041 immuta·

292 3080 366 3148 bilis
392 3089 444 3146 est
468 3080 611 3147 armeus.²

380 3188 492 3254 Claud.
518 3208 570 3254 vv.
600 3195 765 3256 153-55:
886 3196 920 3257 et
945 3192 1111 3258 nomine
1135 3210 1292 3272 quemque

424 3295 608 3377 Compellas
633 3297 713 3362 olari
738 3298 823 3379 quod
848 3301 908 3364 sub
933 3305 966 3365 te
990 3305 1145 3384 gesserat
1169 3299 1243 3364 olim

424 3403 634 3468 Admonitum
659 3403 741 3470 faeti
767 3443 807 3451 —

380 3510 462 3578 Plin.
487 3531 513 3577 u.
543 3517 597 3576 15:

290 3619 380 3702 ,Inue
398 3619 551 3700 estquod
568 3637 669 3701 prope
685 3639 797 3685 omues
816 3621 982 3686 nomine
1007 3621 1222 3703 appellas
1247 3619 1332 3700 quod
1349 3617 1460 3698 singu·

289 3725 392 3791 lorum
418 3723 519 3789 fortia
543 3724 635 3790 faeta
660 3726 912 3793 commemoras’

379 3831 491 3898 Claud.
517 3851 545 3897 v.
574 3837 651 3897 198:

423 3938 588 4020 Exseotis,
612 3940 738 4007 inculta
763 3943 888 4009 dabant
912 3962 993 4024 quas
1019 3943 1161 4022 saecula,
1186 3940 1315 4008 silvis

422 4047 585 4114 Restituit
608 4055 727 4115 terras

378 4154 474 4220 Mum.
498 4156 558 4221 III.
585 4162 641 4221 15:

289 4260 361 4345 ,Ubi
386 4261 526 4328 silvae
552 4263 653 4343 fuere,
674 4264 742 4346 jam
767 4284 863 4345 seges
888 4263 959 4330 est!
