3352 4996
668 385 890 446 ..31-

281 579 357 644 Pac.
383 599 408 643 u.
434 583 492 643 26:

192 686 323 770 ‘Stabat
345 685 416 766 ipse
431 690 632 767 purpuratus
657 684 699 748 ad
722 684 872 748 lances
897 687 932 747 et
948 687 1112 747 momenta
1135 682 1366 764 ponderum

192 797 408 873 nutusque
432 791 631 857 trutinarum
654 790 782 873 pallens
807 796 908 870 atque
931 788 1062 854 inhians
1087 787 1263 872 exigebat!

282 899 394 964 Claud.
420 919 472 966 vv.
499 901 684 964 346—348.

325 1007 431 1072 Fama
454 1005 545 1088 prius
569 1005 654 1070 falso
680 1003 795 1070 similis
819 1022 970 1084 vanoque
994 1002 1100 1070 videri

326 1113 425 1179 Ficta
445 1115 536 1196 jocc;
561 1112 666 1179 levior
689 1110 832 1178 volitare
855 1130 914 1192 per
937 1111 1057 1192 oppida
1081 1128 1191 1176 rumor

324 1220 560 1300 Riderique
584 1219 689 1286 nefas.

281 1329 356 1395 Pau.
382 1347 408 1393 u.
434 1333 492 1393 23:

193 1435 283 1520 ‘Quis
306 1454 371 1500 uon
396 1436 438 1500 ad
461 1433 599 1516 primum
622 1433 699 1500 novi
724 1431 859 1498 sceleris
884 1431 1033 1497 nuntium
1057 1430 1197 1498 risit?²

282 1542 395 1609 Claud.
417 1562 448 1608 v.
471 1546 552 1607 408:

326 1687 369 1695 -
393 1668 453 1715 neo
476 1647 604 1730 Libyae
629 1652 867 1712 senserunt
891 1646 1011 1712 damna
1034 1646 1167 1712 rebellis

281 1756 364 1822 Plin.
389 1776 415 1823 c.
440 1762 498 1820 31:

193 1863 330 1949 Mirum,
350 1864 483 1943 Caesar,
500 1861 679 1941 videretur,
704 1860 732 1926 si
750 1860 895 1926 desidem
911 1862 1099 1944 Aegyptum
1117 1867 1367 1942 cessantemque

192 1972 300 2037 Nilum
324 1991 388 2036 non
414 1968 635 2035 sensisset
659 1968 750 2033 urbis
775 1967 926 2034 annona'

282 2078 394 2144 Claud.
419 2097 473 2145 vv.
499 2081 563 2141 506
588 2095 672 2156 seq.:

514 2184 585 2248 Non
611 2188 663 2247 est
683 2182 803 2264 jaculis
828 2181 979 2249 hastisve
1002 2183 1180 2264 petendus:

325 2291 465 2359 Conscia
489 2291 701 2356 succumbent
725 2289 838 2354 audito
863 2292 1045 2356 verbere
1069 2295 1206 2373 terga.

285 2401 363 2465 Pac.
387 2420 412 2466 c.
438 2405 496 2464 30:

194 2505 250 2589 ‘Et
274 2505 459 2585 tequidem
483 2556 538 2572 ...
563 2503 749 2571 suffecisset
773 2504 827 2570 vel
851 2504 955 2569 solum
978 2503 1102 2570 venire.
1150 2505 1233 2569 Nam
1259 2505 1287 2571 si

196 2616 356 2690 tantaque
387 2611 438 2678 vis
470 2609 692 2677 conscientiae
717 2609 795 2689 fuit,
827 2615 863 2674 ut
888 2610 929 2673 ab
953 2608 1132 2675 inermibus
1157 2617 1369 2677 verterentur

195 2717 316 2782 armati
347 2724 381 2783 et
412 2717 467 2798 qui
499 2719 690 2784 obtuleruut
719 2717 880 2781 mortibus
915 2721 1052 2798 pectora
1087 2716 1206 2782 darent
1241 2723 1368 2801 terga

193 2825 470 2891 verberibus:
505 2843 612 2890 nonne
643 2829 680 2889 tu
712 2842 840 2904 quoque
875 2823 1061 2906 legionibus
1097 2823 1264 2889 seditiosis
1299 2844 1366 2889 rem

193 2936 300 2996 totam
324 2932 415 2999 visus
439 2931 567 3015 egisses
577 2930 603 2995 P’

284 3038 396 3105 Claud.
420 3038 475 3105 lib.
499 3039 541 3104 H.
565 3057 619 3105 vv.
646 3041 785 3102 13-15.

283 3179 285 3186 v
328 3147 448 3211 Ulcera
471 3144 635 3227 possessis
659 3144 727 3209 alte
752 3142 877 3208 suffusa
901 3142 1052 3208 medullis

327 3254 399 3318 Non
423 3252 547 3319 leviore
571 3270 710 3331 manu,
734 3250 822 3315 ferro
849 3255 1011 3315 sanantur
1035 3255 1070 3315 et
1092 3249 1172 3332 igni,

326 3359 375 3425 Ne
399 3363 519 3424 noceat
542 3359 669 3424 frustra
692 3375 767 3423 mox
791 3363 950 3438 eruptura
975 3355 1174 3422 cicatrix.

283 3467 360 3532 Pac.
385 3486 411 3532 c.
437 3472 472 3531 3:

196 3609 247 3655 s—
265 3572 405 3638 altorum
421 3572 593 3640 vulnerum
618 3570 849 3650 cicatrices,
872 3573 1046 3651 postquam
1065 3574 1172 3634 cutem
1190 3568 1367 3634 sanitatem

196 3679 369 3759 duxerunt,
393 3698 514 3744 manu
537 3678 702 3760 pendente
726 3673 900 3742 tractabo!

284 3785 397 3852 Claud.
421 3805 451 3852 v.
477 3791 535 3850 70:

328 3891 598 3971 Posteritas‚
624 3889 762 3956 admitto
787 3889 926 3954 fidam.

284 4001 360 4065 Pac.
384 4019 411 4065 c.
438 4005 495 4064 12:

195 4108 360 4191 ‘credetne
384 4108 445 4172 hoc
469 4105 545 4171 olim
569 4110 712 4171 ventura
735 4102 985 4186 posteritas
1009 4107 1044 4167 et
1063 4101 1251 4183 praestabit
1274 4101 1368 4167 nobis

196 4209 554 4280 ...iidam...?'
