3352 4996
687 433 904 491 „21-

299 623 399 688 Mem:
424 623 480 684 καὶ
504 620 585 701 ἐρεῖς
611 613 660 683 ὅτι
684 622 879 693 δικαίους
903 616 1066 703 ἄρχοντας
1090 671 1097 684 .
1122 671 1128 684 .
1154 621 1166 685 .’
1185 615 1380 704 ἐκπέμπει]

297 730 409 795 Claud.
433 727 573 812 488l89:

342 837 388 902 Ut
411 834 516 900 fortes
539 834 573 898 in
597 835 707 900 Marte
730 834 820 902 viros
845 833 1027 915 animisque
1049 837 1197 915 paratos,

343 941 397 1008 Sic
417 937 562 1025 justos
586 941 620 1006 in
644 960 726 1024 pace
749 941 843 1024 legis,

301 1051 403 1115 Men:
428 1047 511 1129 ἐρεῖς
535 1043 583 1112 ἐ’τι
606 1050 662 1111 καὶ
685 1049 763 1132 περὶ
786 1051 852 1111 τῶν
875 1050 995 1132 φόρων.

299 1157 410 1222 Claud.
434 1161 517 1222 496:

342 1263 446 1346 Impia
470 1262 617 1329 continui
642 1268 776 1329 cessant
800 1266 979 1346 augmenta
1003 1261 1129 1328 tributi.

300 1372 402 1436 Mem:
427 1369 510 1451 ἐρεῖς
533 1393 563 1432 τι
586 1370 642 1432 καὶ
665 1370 743 1448 περὶ
766 1372 980 1450 νομοθεσίας.

298 1478 410 1543 Claud.
435 1475 552 1560 505l7:

344 1584 513 1650 Firmatur
537 1583 661 1649 senium
685 1581 767 1648 iuris
790 1581 996 1663 priscamque
1019 1585 1189 1647 resumunt

342 1691 503 1758 Canitiem
527 1692 618 1774 leges
644 1689 923 1769 emendanturque
947 1694 1103 1754 vetustae

343 1799 577 1879 Acceduntque
601 1816 715 1863 novae.

297 1908 477 1973 Praeterea
512 1907 573 1971 hoc
607 1910 833 1986 praeceptum:
870 1901 931 1966 ε’δν
962 1901 991 1965 δ’
1008 1900 1043 1964 ἐν
1073 1900 1194 1986 μελέτῃ
1225 1900 1379 1982 πολέμων

211 2014 266 2076 καὶ
291 2007 412 2091 ὅπλων,
436 2015 535 2075 τοῦτο
559 2010 750 2092 θαυμάσεις
773 2010 837 2076 sibi
861 2010 1102 2076 observandum
1125 2008 1258 2090 putavit
1280 2012 1379 2091 poeta

209 2121 242 2186 in
267 2120 417 2187 versibus
435 2124 621 2186 aaa—564.
667 2117 771 2183 Adice
795 2117 934 2198 denique
959 2117 1044 2198 quod
1068 2135 1185 2182 versus
1203 2121 1376 2181 saa—631

209 2229 402 2311 conspirant
430 2247 501 2293 cum
526 2227 576 2292 his
602 2224 775 2292 Menandri
799 2225 927 2292 verbis:
961 2217 1011 2288 ὅτι
1036 2223 1287 2307 ε’στενοχωρεϊτο
1311 2225 1379 2294 τοῖς

208 2339 272 2399 τῶν
297 2337 469 2399 πεσόντων
493 2334 654 2415 σώμασιν.

298 2442 408 2506 Minus
438 2447 547 2507 autem
572 2440 773 2505 Claudianus
801 2439 835 2504 in
859 2439 1074 2523 panegyrica
1106 2457 1200 2520 quem
1232 2438 1272 2503 de
1303 2457 1377 2502 con-

211 2549 322 2613 sulatu
345 2548 461 2613 Manlii
479 2547 640 2613 Theodori
665 2546 759 2626 dixit,
784 2566 801 2611 e
824 2546 1004 2612 Menandro
1028 2545 1159 2627 pendet,
1184 2563 1379 2626 quamquam

211 2656 367 2720 nonnulla
390 2655 536 2737 vestigia
559 2655 725 2720 rhetorica
748 2654 783 2719 in
807 2674 844 2720 eo
868 2653 1010 2719 inveniri
1034 2652 1151 2734 negari
1174 2671 1240 2716 non
1259 2656 1379 2734 potest.

209 2762 291 2827 Nam
316 2760 452 2844 primum
477 2761 516 2826 de
541 2766 641 2843 gente
664 2761 826 2828 Theodori
857 2765 1033 2843 propterea
1061 2758 1142 2824 nihil
1166 2758 1262 2838 dicit,
1294 2759 1379 2838 quod

208 2869 266 2934 illa
290 2871 381 2934 clara
405 2888 469 2934 non
493 2868 567 2934 fuit.
614 2869 686 2952 Qua
709 2870 742 2934 in
767 2889 803 2934 re
827 2869 1043 2934 Menandrum
1075 2869 1208 2931 secutus
1241 2871 1292 2930 est
1325 2864 1380 2944 qui

209 2977 305 3043 dicit:
338 2974 397 3039 ἐδν
424 2975 461 3038 δὲ
486 2971 611 3051 ι’ίδοξον
634 2967 655 3059 ᾖ
679 2971 699 3058 ἢ
725 2975 851 3048 εὐτελὲς
883 2975 942 3059 (sc.
967 2972 1005 3036 ιδ
1030 2971 1152 3056 γένος),
1183 2971 1301 3052 μεθεὶς
1324 2973 1379 3033 καὶ

209 3088 308 3148 τοῦτο
341 3082 400 3146 ἀπ’
425 3081 530 3147 αὐτοῦ
560 3086 621 3146 τοῦ
651 3082 811 3165 βασιλέως
843 3080 903 3168 τὴν
935 3080 1040 3165 ἀρχὴν
1071 3078 1205 3164 ποιήσῃ.
1253 3079 1378 3146 Deinde

209 3190 242 3255 in
279 3191 428 3256 versibus
467 3196 595 3255 16-20
632 3192 717 3254 hanc
752 3189 967 3255 sententiam:
1008 3181 1058 3249 ὅτι
1093 3186 1234 3268 σώφρων
1270 3185 1305 3248 ἓν
1339 3191 1380 3271 τῇ

208 3298 338 3383 νεότητι
369 3296 559 3380 explicavit.
614 3296 752 3362 Accedit
783 3297 868 3377 quod
908 3315 966 3378 per
1000 3299 1105 3359 totum
1141 3313 1272 3358 carmen
1309 3293 1380 3377 qoi-

209 3408 409 3484 ποθ-ρωπίαν
433 3403 595 3468 Theodori
627 3403 760 3469 summis
784 3402 936 3468 laudibus
961 3400 1080 3466 extulit
1112 3404 1146 3465 et
1169 3399 1203 3464 in
1228 3400 1379 3466 versibus

209 3514 383 3576 336-340
408 3512 469 3576 hoc
493 3509 666 3576 Menandri
689 3515 916 3592 praeceptum:
942 3507 998 3570 ἐπὶ
1022 3506 1151 3579 τούτοις
1174 3505 1274 3591 εὐχήν
1297 3506 1380 3588 ἐρεῖς

209 3614 310 3680 αἰτῶν
333 3616 426 3699 παρὰ
451 3621 537 3680 θεοῦ
566 3615 611 3690 εἰς
637 3616 797 3699 μήκιστον
828 3615 948 3698 χρόνον
980 3614 1162 3695 προελθεῖν
1192 3612 1253 3698 τήν
1284 3619 1379 3695 βασι-

208 3722 318 3804 λείαν,
351 3727 556 3809 διαδοθῆναι
581 3723 626 3797 εἰς
651 3726 790 3804 παῖδας,
825 3725 1068 3806 παραδοθῆναι
1091 3725 1137 3802 τῷ
1160 3721 1260 3802 γε’νει,
1293 3723 1378 3802 quod

209 3837 261 3896 est
284 3833 324 3897 de
348 3852 450 3914 regno
476 3831 607 3910 dictum,
631 3830 664 3895 in
689 3831 894 3896 consulatum
919 3829 1101 3894 transtulit.

298 3939 401 4004 Multo
426 3957 505 4005 vero
529 3937 635 4019 magis
653 3938 868 4003 Menandrum
893 3943 1026 4003 secutus
1052 3941 1104 4001 est
1127 3936 1162 4001 in
1177 3935 1378 4018 panegyrico

208 4065 301 4126 quem
333 4065 391 4126 per
421 4051 491 4110 tres
522 4044 622 4110 libros
648 4043 821 4110 Stilichoni
853 4043 979 4110 consuli
1010 4043 1103 4108 dixit.
1153 4043 1230 4108 Jam
1264 4061 1379 4109 versus

211 4158 338 4216 10-22
371 4152 425 4232 qui
456 4151 576 4234 legerit
603 4149 701 4216 facile
725 4151 922 4216 rhetoricam
954 4155 1058 4216 artem
1091 4155 1259 4233 agnoscet.
1315 4150 1379 4214 Ad-

204 4257 315 4342 jungit
341 4259 458 4324 deinde
481 4265 581 4341 pocta
605 4259 690 4323 huno
714 4259 833 4322 locum:
