3352 4996
783 419 1003 484 *34*

395 606 492 678 Mam.
515 611 559 678 11.
583 632 609 678 c.
635 617 670 677 2:

305 737 357 801 ‘au
386 719 654 799 quemadmodum
684 719 843 786 educatus
874 719 1114 801 institutusque
1142 719 1189 786 sis
1220 719 1417 802 praedicabo
1442 719 1475 785 iu

303 823 360 889 illo
384 825 496 906 limite,
525 825 579 892 illa
607 826 861 893 fortissimarum
885 827 963 893 sede
986 827 1165 910 legionum,
1196 826 1284 892 inter
1307 826 1476 894 discursus

304 937 460 998 strenuae
484 933 668 1000 iuventutis
692 940 727 999 et
746 954 908 1000 armorum
925 933 1052 1000 sonitus
1077 934 1143 1000 tuis
1168 933 1395 1017 vagitibus
1420 935 1475 999 ob-

304 1038 526 1120 strepentesl'

392 1147 505 1214 Claud.
529 1167 560 1215 v.
585 1154 648 1214 269
673 1167 756 1230 seq:

435 1255 508 1321 Hoc
531 1260 566 1321 te
588 1261 764 1338 praeterea
788 1258 903 1321 crebro
927 1275 1076 1322 sermone
1099 1258 1245 1337 monebo,

435 1363 481 1429 Ut
505 1368 538 1429 te
562 1363 666 1429 totius
689 1363 795 1429 medio
819 1363 948 1429 telluris
972 1362 1006 1428 in
1030 1382 1086 1429 ore

434 1470 556 1537 Vivere
580 1490 771 1554 cognoscas,
795 1470 924 1537 cunetis
948 1477 1007 1536 tua
1030 1471 1186 1554 gentibus
1211 1490 1284 1538 esse

433 1577 542 1643 Facta
565 1578 674 1660 palam
698 1597 758 1644 nec
781 1597 878 1660 posse
902 1578 974 1643 dari
998 1577 1166 1662 regalibus
1191 1597 1327 1659 usquam

435 1683 604 1750 Secretnm
628 1684 737 1766 vitiis3
761 1704 837 1750 nam
860 1685 917 1751 lux
941 1684 1105 1751 altissima
1129 1684 1192 1750 fati

434 1791 658 1858 Occultum
682 1791 793 1857 nihil
816 1812 912 1858 esse
937 1792 1025 1873 sinit,
1049 1792 1262 1873 latebrasque
1284 1811 1344 1874 per
1359 1812 1471 1859 omnes

432 1900 544 1965 Intrat
568 1906 603 1964 et
626 1901 799 1966 abstrusos
824 1901 976 1983 explorat
1000 1899 1111 1964 fama
1133 1918 1295 1966 recessus.

387 2007 470 2073 Plin.
494 2025 613 2090 paneg.
637 2013 696 2072 83:

297 2113 420 2198 ‘Habet
443 2115 504 2180 hoc
527 2113 656 2195 privum
679 2133 801 2197 magua
818 2113 962 2195 fortuna,
987 2114 1073 2195 quod
1096 2113 1177 2179 nihil
1201 2118 1334 2194 tectum,
1359 2113 1469 2180 nihil

297 2222 512 2287 occultum
537 2241 632 2287 esse
656 2221 799 2304 patitur:
828 2221 1010 2303 principum
1034 2241 1113 2289 vero
1138 2241 1202 2286 non
1226 2222 1320 2287 modo
1345 2222 1469 2303 domus,

297 2327 355 2393 sed
394 2328 544 2394 cubicula
582 2328 656 2411 ipsa
694 2328 893 2409 intimosque
932 2347 1083 2394 secessus
1119 2328 1259 2394 recludit
1296 2329 1468 2410 omniaque

296 2454 419 2500 arcana
442 2436 609 2503 noscenda
633 2435 771 2502 famae
794 2435 947 2518 proponit
971 2441 1072 2517 atque
1095 2434 1259 2519 enplicat.²

385 2543 498 2610 Claud.
523 2562 576 2611 vv.
602 2549 663 2609 281
690 2548 724 2608 et
749 2548 806 2608 82:

428 2652 500 2716 Nou
525 2650 573 2716 sio
596 2650 825 2731 excubiae,
850 2669 913 2715 uon
939 2649 1189 2716 circumstantia
1212 2650 1280 2733 pila

428 2756 533 2842 Quam
557 2762 689 2841 tutatur
713 2775 834 2823 amor.

382 2866 459 2931 Pac.
484 2885 510 2931 c.
534 2870 594 2931 47:

293 3008 346 3056 4—
362 2972 513 3054 privatas
530 2990 658 3053 quoque
675 2972 774 3038 aedes
791 2970 913 3038 divinis
931 2969 1083 3054 vestigiis
1101 2970 1315 3051 consecraris,
1339 2977 1466 3036 remota

293 3078 445 3144 custodia
461 3077 597 3143 militari
614 3078 718 3145 tutior
732 3078 855 3160 publici
877 3077 1034 3143 amoris
1059 3075 1275 3142 excubiis!
1307 3076 1347 3142 cf.
1365 3076 1464 3143 etiam

291 3185 374 3251 Plin.
397 3207 428 3268 p.
453 3206 478 3252 o.
503 3192 545 3251 49
570 3191 604 3252 et
629 3186 725 3252 Mam.
749 3187 808 3252 XI.
833 3205 858 3252 c.
884 3190 935 3252 24.

382 3291 494 3358 Claud.
518 3312 548 3359 v.
574 3299 638 3358 299
664 3313 746 3374 seq:
980 3292 1192 3374 Componitur
1215 3293 1304 3358 orbis

423 3399 526 3483 Regis
551 3399 593 3464 ad
617 3400 864 3482 exemplum,
888 3419 949 3464 uec
973 3398 1021 3465 sic
1044 3397 1212 3465 inflectere
1237 3417 1354 3464 sensus

423 3506 593 3572 Humanos
618 3505 728 3571 edicta
751 3505 867 3572 valent
890 3524 986 3588 quam
1010 3504 1104 3572 vita
1127 3504 1285 3587 regentis.

424 3611 546 3677 Mobile
569 3617 718 3678 mutatur
741 3631 869 3694 semper
892 3630 965 3677 cum
988 3610 1187 3694 principe
1213 3610 1340 3693 vulgus

377 3719 460 3785 Plin.
486 3738 556 3801 cap.
579 3724 639 3785 45:

289 3826 380 3910 ‘Nam
405 3825 497 3892 vita
520 3823 738 3907 principis
763 3843 903 3890 censura
927 3830 979 3889 est
996 3843 1099 3905 eaque
1115 3819 1292 3906 perpetua:
1317 3823 1359 3888 ad
1375 3824 1461 3889 hanc

288 3931 511 3999 convertimur
535 3949 594 3996 neo
618 3936 686 3996 tam
709 3930 845 4013 imperio
869 3930 964 3997 nobis
988 3936 1040 3996 est
1064 3949 1161 4012 quam
1185 3927 1397 4012 exemplo!

377 4038 489 4104 Claud.
513 4058 544 4104 v.
569 4043 633 4103 296
658 4057 742 4120 seq:

419 4147 458 4210 In
483 4163 650 4210 commune
671 4145 767 4230 jubes
792 4144 821 4210 si
845 4144 922 4226 quid
947 4164 1105 4212 censesve
1129 4145 1314 4223 tenendum,

418 4251 547 4317 Primus
568 4252 664 4334 jussa
688 4250 775 4316 subi:
800 4256 879 4316 tuno
903 4250 1135 4317 observantior
1159 4249 1255 4330 aequi
