3352 4996
721 389 938 454 ..14-

243 585 426 669 θεωρήσεις
455 583 493 648 δέ
517 584 635 662 πάλιν,
668 585 813 664 πότερον
838 581 976 658 ένδοξον
1001 584 1104 648 αὐτοῦ
1134 585 1172 648 τὸ
1205 586 1298 669 γένος
1320 581 1341 669 ἢ
1367 579 1415 650 οὔ.

243 693 324 757 Tum
356 691 389 756 in
414 711 483 774 cap.
508 692 722 758 XIH-XXI
745 698 894 772 enarrat,
927 711 1011 773 quae
1034 693 1237 759 Theodosius
1268 693 1301 758 in
1330 693 1416 758 bello

244 799 333 864 etin
360 819 429 881 cap.
454 799 723 879 XXH-XLVL
756 819 840 879 qnae
864 795 897 863 in
920 818 1002 881 pace
1026 820 1083 881 pro
1108 800 1277 882 republica
1300 798 1416 883 gessit,

244 906 365 987 quain
389 926 425 972 re
449 925 521 972 eum
552 926 622 972 cum
648 906 829 972 Menandro
861 906 972 972 faeere
1003 925 1068 971 non
1100 912 1152 972 est
1181 907 1266 988 qnod
1297 906 1416 972 iterum

243 1033 400 1079 moneam.
439 1015 550 1094 Neque
571 1019 682 1079 tamen
706 1014 739 1078 in
764 1013 815 1079 his
839 1013 1051 1097 generalibus
1074 1014 1261 1096 praeceptis
1286 1013 1415 1094 aequie-

243 1121 301 1201 vit‚
326 1121 383 1186 sed
408 1120 508 1187 etiam
531 1120 564 1185 in
591 1121 731 1204 singulis
755 1122 854 1186 rebus
878 1120 1079 1203 exponendis
1104 1121 1247 1186 rhetoris
1271 1119 1416 1203 vestigia

243 1228 358 1294 mirum
378 1233 535 1309 quantum
551 1227 684 1309 pressit.
722 1229 805 1294 Nam
829 1227 863 1292 in
887 1247 950 1292 uno
975 1227 1084 1309 capite
1101 1233 1218 1309 quarto
1242 1228 1302 1292 hos
1326 1228 1416 1292 locos

243 1355 260 1400 e
284 1336 465 1400 Menandro
489 1335 675 1401 imitatione
699 1354 874 1416 expressos
898 1335 1094 1402 invenimus

334 1443 420 1508 Men.
436 1463 467 1524 p.
486 1446 566 1507 344:
583 1438 741 1514 ’Έπαινος
764 1439 827 1522 μέν
850 1443 969 1524 χώρας,
994 1441 1036 1515 ὥς
1053 1441 1211 1504 α’νωτάτω
1228 1440 1415 1520 διελέσθαι,

243 1549 364 1628 διττός,
389 1544 408 1632 ἢ
433 1548 518 1610 κατὰ
543 1549 645 1632 φύσιν
669 1543 688 1632 ἢ
713 1548 799 1612 κατδ
826 1549 935 1614 θέσιν.
982 1549 1127 1614 Pacatus
1152 1568 1222 1630 cap.
1243 1549 1292 1613 IV
1315 1547 1416 1610 θέσιν

243 1655 402 1721 describit
425 1655 608 1738 Hispaniae
632 1655 708 1720 inde
731 1656 878 1723 averbis
902 1675 996 1740 ,quae
1020 1675 1080 1722 nec
1097 1655 1257 1721 austrinis
1274 1653 1416 1720 obnoxia

243 1761 401 1829 aestibus'
437 1781 539 1843 usqne
571 1763 612 1827 ad
644 1764 748 1829 verba
783 1764 885 1846 ,velut
916 1764 1002 1829 alter
1037 1763 1125 1828 orbis
1156 1759 1344 1828 includitur’
1382 1765 1415 1826 et

243 1871 345 1954 φύσιν
369 1889 389 1935 a
413 1869 524 1936 verbis
556 1869 650 1954 ,adde
679 1874 730 1936 tot
759 1869 913 1952 egregins
938 1868 1102 1937 civitates’
1126 1889 1229 1950 nsque
1254 1867 1415 1933 adfinem

243 1977 372 2059 capitis,
420 1977 504 2041 Meu.
529 1977 548 2044 l.
573 1977 609 2041 l.:
641 1975 743 2040 θέσιν
767 1981 879 2039 τοίνυν
910 1975 1018 2057 χώρας
1047 1976 1271 2056 δοκιμάζομέν
1302 1975 1415 2037 τεκαὶ

244 2089 416 2169 κρίνομεν,
455 2075 545 2156 ὅπως
575 2086 679 2146 κεῖται
710 2081 794 2165 πρὸς
824 2086 882 2166 γῆν
913 2077 932 2165 ἢ
958 2079 1041 2164 πρὸς
1071 2081 1248 2145 θάλατταν
1279 2078 1299 2165 ἢ
1331 2079 1416 2164 πρὸς

243 2189 402 2274 οὐρανόν·
427 2177 512 2271 πρὸς
534 2188 595 2271 μέν
618 2193 687 2271 γῆν,
713 2186 743 2250 εἰ
763 2190 933 2271 μεσόγειος
956 2188 1005 2275 εἴη
1028 2189 1083 2250 καὶ
1108 2188 1211 2251 πλέον
1235 2183 1415 2270 ἢέλαττον

243 2295 413 2382 θαλάττης
445 2295 642 2377 ἀπέχουσα,
673 2293 693 2379 ἢ
727 2295 1005 2368 ἐπιθαλαττίδιος
1035 2295 1090 2357 καὶ
1122 2293 1207 2376 πρὸς
1238 2292 1414 2376 αἰγιαλούς.

241 2405 318 2469 Ροο.
342 2405 362 2469 l.
387 2404 422 2469 l.:
448 2423 541 2488 ,qnae
565 2403 641 2469 hinc
664 2403 827 2485 Pyrenaei
851 2403 1025 2483 montibus,
1050 2402 1141 2469 illino
1165 2401 1292 2468 Oceani·
1313 2400 1414 2465 aesti-

244 2513 315 2592 bus,
339 2510 416 2576 inde
432 2510 595 2592 Tyrrheni
618 2511 718 2576 maris
743 2509 895 2576 litoribus
921 2514 1080 2575 coronata
1103 2516 1249 2575 naturae
1270 2507 1414 2574 sollertis

242 2617 375 2700 ingenio
411 2619 504 2684 velut
535 2619 621 2684 alter
656 2617 744 2683 orbis
775 2615 973 2684 includitur.’
1028 2618 1112 2682 Men.
1143 2618 1164 2682 l.
1187 2617 1224 2681 l.:
1260 2613 1345 2696 πρὸς
1377 2613 1414 2677 δὲ

243 2722 400 2806 οὐρανόν,
433 2721 463 2786 εἰ
487 2723 521 2785 έν
545 2726 687 2805 δυσμαῖς
711 2719 731 2808 ἢ
757 2722 793 2788 έν
817 2722 995 2798 ἀνατολαῖς
1018 2719 1038 2807 ἢ
1063 2723 1098 2785 ἐν
1121 2727 1311 2809 μεσημβρίᾳ
1334 2717 1354 2804 ἢ
1380 2719 1415 2784 έν

241 2826 349 2914 ἄρκτῳ
373 2826 393 2914 ἤ
418 2830 453 2894 ἐν
477 2834 522 2912 τῷ
545 2829 637 2912 μέσῳ
660 2829 794 2896 τούτων.
841 2831 916 2896 Pac.
941 2831 960 2895 l.
984 2832 1020 2895 l.:
1046 2849 1140 2914 ,quae
1168 2848 1229 2895 nec
1253 2829 1413 2895 austrinis

241 2938 383 3003 obnoxia
407 2937 554 3003 aestibus
579 2956 639 3002 nec
657 2937 779 3002 arctois
797 2938 946 3018 subjecta
963 2936 1141 3019 frigoribus
1158 2936 1265 3002 media
1281 2935 1414 3002 fovetur

241 3045 313 3110 axis
337 3045 508 3124 utriusque
532 3041 709 3125 temperie.⁷
748 3044 832 3109 Men.
857 3044 877 3108 l.
894 3044 927 3108 l.:
952 3043 1013 3124 τὴν
1036 3041 1074 3104 δὲ
1099 3045 1202 3125 φύσιν
1226 3046 1283 3123 τῆς
1307 3042 1413 3124 χώρας

243 3152 465 3233 δοκιμάζομεν
497 3151 608 3236 πάσης
640 3149 762 3213 ἐκτῶν
786 3148 824 3224 ἓξ
847 3150 962 3213 τόπων
985 3150 1121 3229 τούτων,
1153 3144 1174 3232 ἢ
1206 3148 1268 3232 γὰρ
1302 3145 1412 3231 ὀρεινή

241 3264 289 3330 τίς
313 3254 445 3342 έστινῆ
472 3257 590 3341 πεδινὴ
614 3253 635 3341 ἢ
654 3256 737 3342 ξηροὶ
761 3258 816 3321 καὶ
841 3253 982 3337 ἄνυδρος
1006 3251 1171 3340 ἢλιπαρδ
1195 3256 1250 3318 καὶ
1275 3251 1411 3336 εὔυδρος

240 3365 309 3427 καὶ
334 3361 520 3448 εὔφορος
543 3366 614 3428 καὶ
637 3360 657 3446 ἢ
683 3364 934 3448 πολύφορος
957 3360 977 3447 ἢ
1004 3359 1131 3448 δίφορος
1153 3364 1209 3426 καὶ
1234 3362 1411 3445 διἰσφορος.

240 3474 331 3538 Pac:
370 3472 473 3556 ,Adde
505 3477 557 3537 tot
589 3472 743 3554 egregias
775 3471 945 3551 civitates,
982 3471 1065 3535 adde
1098 3472 1188 3536 onita
1223 3471 1412 3548 incultaque

241 3579 350 3645 omnia
382 3580 435 3645 vel
466 3579 630 3645 fructibus
665 3580 762 3660 plena
793 3579 846 3645 vel
881 3577 1052 3661 gregibus,
1089 3578 1305 3643 auriferorum
1334 3594 1412 3659 opes

238 3686 415 3765 fluminum,
440 3685 524 3750 adde
548 3685 749 3751 radiantium
773 3685 909 3750 metalla
934 3683 1153 3768 gemmarum!

327 3793 439 3873 Neque
459 3791 566 3857 minus
590 3792 623 3856 in
648 3791 756 3872 capite
781 3791 894 3872 quinto
919 3792 1084 3856 rhetorem
1109 3791 1327 3874 agnoscimus,
1356 3790 1412 3855 ubi

239 3901 321 3964 haec
353 3899 478 3980 scripta
509 3897 674 3964 videmus:
712 3898 779 3982 ,sed
811 3897 887 3979 qnid
920 3897 1065 3963 faciam?
1097 3917 1216 3963 novam
1248 3898 1412 3978 quandam

238 4006 347 4089 patior
377 4024 418 4070 ex
450 4005 544 4087 copia
574 4004 818 4084 difficultatem,
854 4005 944 4085 quid,
976 4005 1107 4086 inquam
1140 4002 1286 4068 inciam?
1328 4022 1412 4084 quae

238 4114 372 4178 Rhenus
404 4117 463 4177 aut
487 4112 624 4178 Vahalis
655 4111 740 4179 vidit
764 4111 970 4194 aggrediar?
1016 4112 1092 4177 Jam
1118 4130 1153 4175 se
1177 4110 1255 4174 mihi
1280 4109 1411 4176 Sarma-

238 4220 306 4285 tica
337 4219 437 4284 caede
468 4218 670 4301 sanguineus
695 4217 811 4283 Hister
842 4218 971 4284 obiciet.
1018 4217 1180 4282 Attritam
1203 4217 1412 4297 pedestribus
