3352 4996
716 413 911 470 ..γ-

231 607 336 670 altero
369 602 478 686 capite
510 621 580 668 cum
612 601 793 666 Menandro
825 619 890 664 non
922 599 1088 666 dissentit.
1135 601 1289 666 Celebrat
1321 600 1406 666 enim

231 711 314 777 diem
339 711 485 776 natalem
510 708 719 791 imperatoris
735 709 797 773 hoc
814 713 1024 790 praeceptum
1041 712 1176 773 secutus
1201 707 1291 792 (pag.
1308 707 1406 793 412):

230 817 314 898 μετά
338 815 377 879 τὸ
403 821 580 898 προοίμιον
603 813 664 899 τὴν
687 811 815 898 ἡμέραν
840 812 1040 892 ἐπαινέσεις,
1069 812 1148 878 καθ’
1172 811 1214 898 ἣν
1238 812 1362 901 ἐτέχθη
1387 812 1404 876 ὁ

231 922 479 1006 ἐπαινούμενος.
525 924 637 1004 Neque
661 921 767 987 minus
793 923 874 987 haec
898 921 1080 987 Menandro
1112 927 1248 988 auctore
1278 923 1404 1004 scripta

232 1035 309 1096 sunt
341 1030 381 1115 (c.
407 1027 458 1113 2):
495 1029 664 1114 ‘siquidem
697 1049 756 1096 vos
793 1029 843 1095 dis
876 1048 949 1095 esse
981 1029 1113 1112 genitos
1150 1036 1184 1095 et
1218 1029 1405 1095 nominibus

231 1138 359 1219 quidem
391 1137 523 1218 vestris,
556 1137 613 1203 sed
638 1138 740 1202 multo
764 1137 872 1219 magis
896 1136 1078 1203 virtutibus
1103 1135 1307 1219 approbatis’
1339 1157 1406 1218 eqs.

230 1245 420 1311 Invenimus
452 1244 537 1310 enim
570 1245 657 1326 apud
688 1244 905 1310 Menandrum
937 1244 1024 1309 hunc
1056 1245 1162 1309 locum
1193 1241 1284 1328 (pag.
1309 1243 1406 1330 370):

234 1350 353 1415 πολλοὶ
378 1355 424 1434 τῷ
440 1350 502 1433 μὲν
519 1353 629 1414 δοκεῖν
655 1350 691 1426 ἐξ
712 1349 903 1434 ἀνθρώπων
919 1348 995 1430 εἰσί,
1020 1346 1123 1438 τῇζδὲ
1140 1349 1287 1438 ἀληθείᾳ
1311 1374 1405 1434 παρα

230 1462 290 1522 τοῦ
313 1461 399 1522 θεοῦ
425 1458 621 1540 πέμπονται
643 1462 703 1520 καί
717 1454 801 1522 εἰσιν
817 1457 999 1541 ἀπόρροιαι
1018 1454 1118 1531 ὅντως
1133 1461 1194 1521 τοῦ
1208 1463 1404 1540 κρείττονος.

231 1566 288 1627 καὶ
311 1564 372 1648 γάρ
391 1563 552 1647 Ἡρακλῆς
584 1564 754 1646 ἐνομίζετο
776 1562 838 1646 μὲν
858 1563 1110 1648 Ἀμφιτρύωνος,
1142 1567 1182 1649 τῇ
1206 1562 1235 1627 δ’
1260 1563 1407 1650 ἀληθείᾳ

230 1664 272 1755 ἥν
295 1672 393 1744 Διός·
419 1665 503 1742 οὕτω
526 1672 581 1734 καὶ
604 1669 761 1754 βασιλεὺς
794 1669 811 1732 ὃ
839 1670 997 1755 ημὲτερος
1027 1675 1069 1757 τῇ
1091 1670 1155 1752 μὲν
1179 1671 1263 1756 δόξῃ
1288 1669 1325 1746 ἐξ
1349 1669 1407 1733 ἀν-

232 1779 394 1860 θρώπων,
419 1778 506 1863 τῇδ’
527 1777 674 1865 ἀληθείφ
697 1777 757 1864 την
773 1777 962 1861 καταβολὴν
980 1777 1168 1862 οὐρανόθεν
1186 1775 1261 1860 ἔχει.
1302 1778 1405 1843 Addit

231 1887 373 1968 scriptor
397 1886 429 1950 in
453 1886 517 1951 fine
541 1886 661 1968 capitis
677 1887 729 1952 III
746 1923 788 1931 -
809 1885 991 1952 Menander
1016 1904 1131 1952 rursus
1155 1894 1271 1952 auctor
1294 1890 1347 1952 est
1362 1922 1406 1932 -

231 1994 363 2058 brevem
394 1995 523 2060 laudem
553 1993 686 2075 patriae
717 1993 807 2058 hisce
839 1993 967 2060 verbis:
999 1994 1080 2077 ‘Non
1113 1993 1197 2060 enim
1231 1993 1264 2058 in
1297 1992 1406 2059 otiosa

231 2101 342 2181 aliqua
366 2101 556 2182 deliciisque
589 2107 746 2183 corrupta
776 2107 874 2183 parte
905 2107 1068 2166 terrarum
1097 2100 1169 2166 nati
1192 2100 1404 2182 institutique

230 2209 323 2288 estis,
348 2209 406 2273 sed
429 2208 463 2272 in
488 2208 538 2273 his
562 2208 751 2290 provinciis,
784 2227 866 2289 quas
891 2208 934 2272 ad
962 2207 1206 2291 infatigabilem
1230 2215 1404 2274 consuetu·

231 2315 338 2380 dinem
362 2315 485 2380 laboris
517 2321 617 2396 atque
647 2315 832 2397 patientiae
863 2315 972 2381 fracto
1004 2315 1083 2381 licet
1114 2315 1284 2398 oppositus
1307 2314 1405 2395 hosti,

232 2422 289 2487 sed
314 2421 414 2486 armis
438 2428 549 2486 tamen
575 2441 702 2504 semper
725 2422 909 2488 instructus
941 2422 1035 2487 miles
1059 2428 1200 2503 exercet,
1229 2422 1261 2487 in
1287 2421 1405 2503 quibus

232 2530 335 2595 omnis
371 2528 444 2594 vita
479 2528 597 2593 militia
632 2535 697 2609 est,
736 2549 872 2611 quarum
908 2529 1008 2595 etiam
1043 2529 1184 2595 feminae
1220 2535 1402 2595 ceterarum

231 2636 379 2720 gentium
404 2635 484 2702 viris
510 2635 664 2702 fortiores
689 2635 786 2704 sunt!

322 2744 416 2809 Nunc
448 2744 490 2808 ad
521 2743 695 2809 maximam
731 2750 857 2826 partem
891 2743 1065 2824 orationis,
1101 2763 1185 2825 quae
1218 2742 1406 2809 continetur

230 2851 394 2934 capitibus
409 2856 526 2930 5-18‚
545 2850 701 2931 venimus,
717 2851 751 2915 in
764 2871 829 2932 qua
845 2851 958 2934 agitur
974 2851 1014 2917 de
1030 2852 1129 2917 rebus
1145 2851 1179 2916 in
1192 2869 1273 2933 pace
1289 2849 1404 2932 gestis,

230 2959 306 3024 Janr
338 2977 438 3040 supra
470 2957 719 3024 antecedentem
748 2959 983 3042 panegyricum
1017 2961 1079 3024 hoc
1110 2959 1216 3025 altero
1247 2962 1404 3038 tanquam

231 3066 385 3148 compleri
410 3065 608 3145 dixeramus,
632 3085 734 3146 quare
751 3065 968 3131 Mamertinus
993 3085 1046 3132 res
1070 3065 1104 3131 in
1120 3067 1205 3131 bello
1230 3071 1347 3148 gestas
1371 3063 1403 3128 in

231 3174 292 3238 hoc
315 3191 380 3237 non
404 3171 468 3237 nisi
491 3171 689 3254 perstrinxit
712 3173 819 3254 figura
843 3191 921 3238 usus
946 3172 1202 3255 praeteritionis.
1249 3171 1405 3237 Servavit

230 3279 335 3362 igitur
358 3279 463 3360 legem
489 3279 662 3344 Menandri
693 3299 778 3360 quae
809 3286 860 3345 est
893 3280 1055 3346 derebus
1079 3279 1185 3362 gestis
1210 3277 1405 3346 dividendis,

232 3385 296 3452 Sed
320 3405 384 3451 non
410 3386 514 3451 solum
537 3386 570 3450 in
588 3386 802 3468 dispositione
827 3387 1045 3453 aMenandro
1070 3387 1200 3469 pendet,
1225 3385 1404 3452 sedetiam

230 3493 263 3558 in
281 3493 422 3576 singulis
438 3495 536 3558 rebus
552 3499 731 3576 praecepta
752 3496 823 3577 ejus
839 3499 973 3560 secutus
990 3501 1051 3560 est.
1088 3493 1172 3559 Sunt
1187 3511 1266 3560 vero
1284 3491 1317 3557 hi
1333 3492 1405 3572 loci,

232 3600 286 3680 qui
302 3600 390 3665 inter
407 3619 442 3665 se
459 3620 531 3665 mea
547 3600 676 3682 quidem
693 3601 862 3666 sententia
878 3607 1074 3684 congruunt.
1107 3601 1192 3666 Men.
1207 3597 1297 3682 (pag.
1308 3596 1404 3682 372):

233 3705 303 3788 Χρη
338 3705 376 3768 δὲ
406 3707 575 3788 γινώσκειν
604 3708 660 3769 καὶ
691 3707 871 3790 φυλάττειν
893 3708 932 3770 τό
957 3707 1189 3791 παράγγελμα,
1223 3700 1288 3786 ὅτι,
1324 3698 1406 3768 ὅταν·

231 3811 351 3898 μέλλῃς
384 3812 453 3876 ἀπὸ
485 3814 673 3897 κεφαλαίου
703 3819 918 3897 μεταβαίνειν
949 3812 993 3886 είς
1015 3811 1210 3896 κεφάλαιον,
1244 3813 1300 3876 δεῖ
1325 3834 1405 3894 προ-

232 3920 449 4001 οιμιάζεσθαι
481 3921 557 4001 περὶ
590 3910 629 3985 οὗ
659 3919 788 4001 με’λλεις
820 3919 986 4003 ἐγχειρεῖν,
1021 3919 1076 3984 ἵνα
1107 3918 1324 4002 προσεκτικὸν
1347 3914 1406 3980 τὸν

232 4025 399 4111 ἀκροατήν
423 4027 545 4111 ἐργάσῃ
569 4028 624 4089 καὶ
647 4026 691 4109 μή
719 4025 777 4110 ἐᾷς
793 4026 977 4090 λανθάνειν
999 4025 1085 4114 μηδὲ
1109 4025 1318 4090 κλέπτεσθαι
1340 4028 1406 4088 τῶν

230 4133 419 4216 κεφαλαίων
446 4131 508 4218 τήν
537 4133 683 4218 ζήτησιν.
731 4132 948 4199 Mamertinus
980 4132 1022 4218 (o.
1047 4134 1077 4200 V
1100 4137 1135 4198 et
1158 4131 1236 4217 VI):
1268 4133 1405 4218 ‘Novam

231 4238 310 4304 mihi
333 4259 476 4322 propono
502 4240 632 4306 dicendi
655 4241 770 4323 legem,
795 4245 832 4304 ut
848 4258 920 4304 cum
937 4240 1045 4305 omnia
1065 4239 1182 4306 videar
1206 4239 1302 4304 silere
1319 4258 1404 4320 quae
