3352 4996
656 413 879 477 *19—

269 609 354 674 Men.
371 628 447 690 pag.
465 612 546 673 374:
570 610 625 670 καὶ
650 599 700 671 ὅτι
725 606 976 690 ἑστεοοχωρεΐτο
996 611 1064 682 τοῖς
1088 609 1154 671 τῶν
1178 607 1352 671 πεσόντων

182 716 343 797 σώμασιν.
391 714 436 780 Ol.
461 734 515 781 vv.
540 719 710 779 99-101:

780 827 814 886 et
837 819 995 902 Frigidus
1019 821 1124 886 amnis

315 927 457 993 Mutetis
481 926 623 994 fumavit
648 927 742 1007 aquis
767 928 929 1007 turbaque
954 927 1128 992 cadentum

317 1035 439 1115 Staret,
464 1034 497 1099 ni
521 1034 655 1116 rapidus
679 1033 821 1100 iuvisset
842 1033 977 1099 flumina
1001 1035 1147 1118 sanguis

270 1144 309 1208 In
333 1142 484 1209 versibus
509 1140 648 1220 denique
683 1146 856 1205 lai-200
886 1146 1022 1206 auctore
1045 1141 1226 1208 Menandro
1252 1165 1355 1205 πανο-

185 1249 268 1313 πλία
284 1250 399 1315 futura
415 1248 554 1314 Honorii
578 1254 612 1313 et
629 1246 763 1312 Arcadii
788 1247 986 1313 describitur
1009 1252 1044 1314 et
1058 1248 1092 1312 in
1109 1269 1162 1316 vv.
1180 1256 1353 1314 201-211

184 1357 352 1423 sententia
369 1355 542 1421 Menandri
566 1373 650 1435 quae
675 1359 743 1418 est:
769 1352 806 1418 οὐ
823 1356 1019 1436 δεδοίκαμεν
1041 1355 1232 1440 βαρβάρους
1254 1356 1354 1438 pluri-

182 1466 243 1529 bus
267 1464 379 1530 verbis
403 1462 596 1545 explicatur.

272 1571 366 1635 Nunc
403 1569 552 1636 venimus
588 1569 630 1633 ad
668 1567 903 1650 panegyricum
944 1569 984 1633 de
1023 1575 1141 1649 quarto
1181 1572 1355 1636 consulatu

185 1676 324 1742 Honorii
359 1676 495 1755 dictum,
531 1675 585 1755 qui
620 1675 817 1740 uberrimam
854 1674 979 1756 copiam
1015 1677 1109 1742 nobis
1143 1679 1282 1759 praebet
1313 1678 1354 1743 ad

186 1783 442 1849 demonstranda
477 1782 651 1847 Menandri
689 1781 844 1864 vestigia.
901 1782 993 1864 Quae
1028 1784 1095 1865 jam
1135 1783 1168 1849 in
1204 1785 1355 1851 versibus

190 1896 336 1955 la-—lal
363 1889 506 1972 intelligi
530 1895 678 1970 possunt.
718 1890 801 1954 Nam
826 1908 962 1956 eversu
982 1896 1109 1955 18—40
1134 1896 1233 1972 poeta
1257 1911 1354 1957 avunr

186 2003 220 2063 et
244 2018 264 2062 a
288 2015 387 2063 versu
403 2002 557 2062 41—121
583 2003 710 2079 petrem
735 1997 873 2062 Honorii
898 1998 1053 2078 celebrat,
1078 2017 1142 2078 qua
1166 1998 1198 2063 in
1223 2019 1259 2064 re
1283 2019 1355 2064 eum

186 2104 410 2170 aMenandro
441 2104 585 2186 pendere
612 2105 681 2186 jaun
713 2122 814 2185 supra
838 2103 987 2170 vidimus.
1035 2104 1100 2170 Sed
1130 2112 1264 2187 praeter
1295 2108 1356 2171 hoc

185 2211 340 2296 generale
370 2217 579 2294 praeceptum
612 2211 713 2275 etiam
743 2212 804 2276 has
836 2211 985 2293 singulas
1010 2211 1195 2277 sententias
1227 2214 1268 2277 ab
1299 2213 1355 2278 illo

186 2320 317 2402 petivit.
355 2318 441 2383 Men.
460 2317 550 2400 (pag.
568 2316 664 2401 370);
690 2317 810 2380 πολλοὶ
826 2322 872 2398 τῷ
894 2315 956 2398 μὲν
980 2319 1088 2382 δοκεῖν
1113 2318 1148 2393 ἐξ
1166 2317 1357 2402 ἀνθρώπων

188 2424 272 2505 εἶσί,
307 2430 347 2510 τῇ
380 2424 409 2488 δ’
434 2422 581 2509 dlqda‘p
616 2424 710 2506 παρὰ
745 2428 805 2486 τοῦ
837 2428 924 2487 θεοῦ
958 2421 1150 2506 adportentur
1184 2430 1242 2487 καί
1274 2423 1357 2489 εἰσιν

187 2530 367 2616 ἀπόρροιαι
392 2527 491 2603 ὄντως
515 2535 575 2592 τοῦ
597 2536 791 2612 κρείττονος.
838 2531 951 2597 Claud.
976 2550 1029 2597 vv.
1055 2529 1172 2613 22f23:

497 2643 607 2702 terrae
632 2637 778 2702 dominos
802 2638 978 2720 pelagique
1002 2637 1132 2702 futuros

321 2745 482 2809 Immenso
507 2743 618 2809 decuit
641 2763 749 2809 rerum
774 2746 813 2809 de
836 2744 982 2826 principe
1007 2745 1109 2809 nasci.

276 2852 361 2916 Man.
385 2870 460 2932 pag.
486 2856 567 2915 370:
600 2841 696 2923 οὗτος
719 2855 796 2933 γοῦν
819 2852 874 2913 καὶ
896 2851 998 2932 μόνος
1020 2850 1152 2936 ἠξιώθη
1181 2855 1239 2933 τῆς
1262 2857 1357 2933 βασι-

186 2959 285 3032 λείας.
332 2958 445 3024 Claud.
469 2976 500 3023 V.
524 2963 584 3022 48:

320 3071 354 3129 et
378 3066 468 3129 solus
492 3063 610 3129 meruit
634 3083 775 3146 regnare
799 3070 947 3147 rogatus,

276 3191 388 3269 Neque
421 3189 527 3253 minus
559 3207 675 3254 versus
709 3195 893 3269 lll--lal,
928 3189 1046 3268 quibus
1082 3189 1289 3254 clementiam
1324 3197 1359 3256 et

187 3296 359 3362 lenitatem
376 3294 551 3360 Theodosii
575 3295 726 3360 laudibus
747 3295 850 3376 effert,
875 3302 1009 3361 auctore
1027 3295 1160 3376 scripsit
1178 3297 1358 3362 Menandro

189 3403 243 3484 qui
267 3401 364 3467 dicit:
388 3400 472 3482 μετὰ
489 3399 527 3462 τὸ
544 3399 637 3473 τέλος
653 3407 718 3465 τῶν
735 3403 889 3484 πράξεων
911 3398 928 3486 ἢ
946 3403 1001 3464 καὶ
1018 3401 1101 3484 πρὸς
1118 3406 1163 3482 τῷ
1185 3403 1270 3466 τέλει
1294 3407 1359 3466 τῶν

190 3509 344 3590 πράξεων
368 3506 451 3590 ἐρεῖς
474 3529 505 3570 τι
528 3508 583 3569 καὶ
615 3509 691 3588 περὶ
723 3513 832 3594 τρίτης
864 3507 996 3592 ἀρετῆς,
1029 3507 1109 3590 λέγω
1139 3507 1179 3592 dr}
1206 3513 1264 3590 τῆς
1288 3507 1360 3592 φολ-

189 3618 393 3693 ατορωπίας.
447 3613 514 3678 Nec
545 3633 609 3679 non
641 3620 674 3678 et
705 3614 785 3679 illud
810 3614 982 3679 Claudiani
1015 3613 1060 3697 (v.
1090 3615 1184 3697 118):
1216 3616 1359 3698 largitor

191 3719 346 3782 tonorum
370 3738 491 3802 pronus
516 3738 588 3784 cuin
612 3721 673 3785 hoc
694 3720 867 3784 Menandri
891 3720 1074 3785 consentit:
1098 3723 1192 3802 τιμαὶ
1216 3721 1254 3785 δὲ
1274 3721 1359 3783 κατὰ

188 3825 226 3886 τὸ
252 3829 421 3908 προσῆκον
445 3824 596 3898 ἑκάστοις
621 3827 784 3907 νέμονται.
833 3827 991 3891 Adnectit
1023 3826 1140 3891 deinde
1171 3834 1271 3908 poeta
1300 3829 1358 3891 lios

188 3949 305 3998 versus
330 3930 531 4015 (lai—all:

784 4022 856 4086 Hoc
880 4022 999 4086 nobilis
1023 4026 1097 4086 ortu

322 4126 476 4192 Nasceris
501 4145 671 4207 aequaeva
696 4147 766 4194 cum
791 4129 968 4194 maiestate
992 4134 1125 4193 creatus

322 4234 483 4313 Nullaque
507 4234 660 4316 privatae
683 4255 802 4317 passus
827 4235 983 4320 contagia
1008 4236 1116 4300 sortis

1170 4361 1202 4415 2*
