3352 4996
698 415 917 474 „41-

309 607 422 672 Claud.
446 627 477 674 v.
503 611 583 672 294:

495 713 551 778 vix
575 719 671 779 tanto
695 713 801 778 risit
825 713 865 778 de
890 712 1024 777 crimine
1049 731 1166 777 rumor.

308 823 384 888 Pac.
409 841 434 886 c.
461 827 518 887 23:

218 929 309 1014 ‘Quis
335 948 397 993 neu
424 929 465 993 ad
488 928 626 1010 primum
650 928 727 994 novi
753 927 887 994 sceleris
912 926 1062 992 iurantium
1086 925 1215 991 risit?

310 1036 421 1101 Claud.
447 1055 500 1102 vv.
526 1041 588 1100 322
614 1054 698 1115 serp:

353 1143 407 1208 Sic
430 1141 555 1207 trabeis
581 1143 668 1207 ulter
693 1142 830 1208 Stilicho
855 1143 1044 1222 Brutusque
1068 1146 1226 1222 repertor.

352 1250 507 1315 Libertas
531 1249 643 1331 pupuli
667 1249 769 1331 primo
795 1256 873 1314 tuuc
899 1249 1031 1314 consule
1056 1249 1160 1313 Bruto

351 1356 495 1422 Reddita
518 1375 577 1438 per
601 1357 727 1438 fascem
753 1356 805 1422 hic
829 1356 976 1422 fascibus
1001 1355 1127 1437 expulit
1150 1354 1232 1436 ipsis

353 1463 541 1530 Servitium.
588 1463 741 1529 Instituit
766 1463 935 1529 sublimem
960 1465 1085 1528 Brutus
1110 1463 1279 1543 huucrem3

352 1570 506 1636 Asseruit
530 1570 687 1637 Stilich0.'

310 1680 406 1746 Mam.
431 1679 489 1744 XI.
515 1698 540 1744 c.
566 1683 623 1744 30:

219 1787 363 1871 ‘Illorum
396 1784 479 1870 (scil.
511 1785 605 1850 Lucii
637 1786 734 1852 Bruti
766 1791 800 1851 et
831 1785 938 1852 Publii
963 1785 1103 1870 Valerii)
1137 1804 1222 1850 amru
1254 1785 1392 1850 libertas

219 1899 293 1959 orta
318 1898 379 1973 est,
404 1899 517 1958 nostro
542 1893 719 1959 restituta!

308 2001 419 2065 Claud.
444 2000 484 2064 de
509 2019 596 2065 cuns.
622 2000 694 2066 Stil.
718 2001 777 2066 III.
802 2020 855 2066 vu
882 2007 938 2064 221
971 2006 1004 2064 et
1030 2007 1087 2065 22:

815 2109 883 2172 Nec
906 2107 1023 2172 inutile
1048 2107 1177 2188 quuaerit

352 2214 447 2278 Ferri
474 2215 672 2296 praesidium
698 2216 766 2279 sclc
791 2215 936 2279 munitus
962 2234 1109 2279 amore.

308 2322 406 2385 Mam.
431 2327 517 2403 grat.
543 2322 630 2386 actio
656 2343 681 2387 c.
706 2323 835 2388 XXIV:

221 2429 331 2511 ‘Arma
362 2428 466 2510 igitur
490 2436 524 2493 et
548 2427 683 2494 iuvenes
708 2449 778 2493 cum
809 2431 930 2513 gladiis
963 2436 1063 2511 atque
1094 2428 1169 2511 pilis
1194 2448 1258 2492 nau
1284 2433 1390 2492 custo·

221 2533 294 2598 diae
319 2535 464 2616 corperis
494 2541 585 2614 sunt,
618 2536 673 2600 sed
699 2537 828 2616 quidam
861 2515 1305 2619 imperatoriae'maiestatis
1330 2534 1392 2598 sol-

219 2641 334 2706 lemuis
352 2647 497 2706 ornatus.
538 2642 622 2725 Quid
648 2642 732 2706 euim
756 2643 831 2708 istis
857 2663 936 2724 opus
961 2650 1022 2722 est,
1048 2661 1118 2707 cum
1136 2641 1321 2706 firmissimo
1346 2639 1392 2704 sis

218 2767 308 2813 muro
334 2749 429 2815 civici
455 2749 613 2814 amoris
638 2749 851 2831 obsaeptus?'
1025 2731 1027 2735 ’

309 2857 421 2922 Claud.
446 2856 486 2920 de
511 2861 604 2921 sextu
631 2876 718 2921 cuns.
743 2858 828 2924 Heu.
853 2876 971 2940 paneg.
996 2877 1049 2924 vv.
1075 2864 1112 2922 61
1141 2864 1175 2922 et
1200 2862 1258 2920 62:

353 2963 643 3044 -patriciasque
668 2963 780 3028 domos
804 2964 1067 3045 privataque
1091 2963 1212 3046 passim

353 3070 468 3134 Visere
493 3071 643 3151 deposito
668 3069 826 3152 diguatus
851 3071 964 3136 limina
988 3071 1088 3136 fastu.

309 3178 384 3242 Pac.
409 3196 483 3259 pau.
509 3196 534 3242 c.
559 3183 618 3242 47:

219 3321 272 3367 ι-
282 3290 319 3348 ut
333 3285 446 3348 crebro
457 3283 609 3366 civilique
617 3303 798 3367 progressu
807 3304 870 3350 nour
880 3285 1011 3366 publica
1020 3289 1149 3350 tautum
1160 3304 1259 3366 opera
1271 3285 1391 3348 lustra·

220 3391 318 3471 veris,
336 3391 392 3455 sed
409 3391 594 3472 privatas
612 3411 740 3473 quoque
754 3392 854 3457 aedes
867 3392 988 3459 divinis
1002 3392 1155 3474 vestigiis
1169 3387 1393 3456 consecraris'

308 3498 420 3563 Claud.
446 3517 497 3564 vv.
526 3505 584 3564 lul
613 3519 697 3581 serp:

353 3606 448 3671 Felix
473 3605 527 3670 ille
551 3626 671 3688 pareus
697 3607 751 3688 qui
777 3613 809 3672 te
835 3626 969 3672 securus
994 3606 1167 3688 Olympum

353 3712 554 3778 Succedeute
580 3714 680 3795 petit!
728 3715 832 3796 Quam
857 3715 966 3779 laetus
991 3715 1032 3777 ab
1058 3715 1191 3778 aethere
1216 3712 1321 3778 cernit

353 3819 394 3884 Se
419 3820 518 3884 factis
543 3820 739 3886 crevisse
764 3821 848 3886 tuis!

306 3927 373 3992 Inc.
398 3946 472 4009 pau.
498 3927 608 3993 donst.
632 3929 691 3993 IX.
716 3948 742 3994 c.
768 3935 825 3993 25:

218 4032 358 4118 ‘Invitus
383 4035 443 4099 boc
467 4034 553 4099 forte
578 4034 715 4116 accipis,
747 4035 935 4116 imperator,
968 4036 1024 4100 sed
1049 4035 1113 4113 ille,
1146 4035 1220 4099 dum
1245 4033 1391 4112 dicimus

218 4141 342 4224 gaudet
378 4161 395 4207 e
432 4143 522 4208 caelo
558 4147 592 4207 et
628 4141 691 4206 iam
726 4142 850 4224 pridem
887 4147 1026 4209 vocatus
1062 4142 1104 4207 ad
1140 4141 1250 4206 sidera
1285 4141 1392 4206 adhuc

219 4249 383 4315 crescit
407 4249 440 4313 in
465 4248 540 4314 filio.
