3352 4996
680 393 900 455 ..29-

334 588 503 654 Effluxere
528 588 636 669 decus
664 594 787 670 quanto
812 588 958 670 pretiosa
982 587 1107 652 metalli
1177 563 1184 574 '¹

335 695 449 760 Hermi
472 695 545 778 ripa
568 695 678 776 micat,
703 701 847 788 quantas
870 714 929 777 per
951 693 1059 775 Lydia
1084 695 1174 759 culta

335 803 518 884 Despumat
540 803 661 868 rutilas
685 802 778 869 dives
802 802 1009 867 Pactolus
1033 801 1185 866 harenas.

290 927 357 991 Inc.
382 932 468 1009 grat.
493 926 579 992 actio
605 926 716 992 Const.
741 927 825 1008 Aug.
850 945 920 1006 cap.
943 926 1039 990 XIV:

202 1033 380 1118 ‘Quaenam
406 1037 476 1098 toto
502 1033 578 1098 orbe
603 1039 767 1100 terrarum
802 1031 873 1098 auri
909 1031 1119 1124 argentique
1135 1032 1271 1096 metalla
1307 1036 1374 1096 tam

201 1142 297 1223 larga
321 1146 408 1220 sunt,
433 1139 504 1220 quis
522 1140 663 1223 Tagus
689 1139 804 1220 quisve
821 1140 1030 1204 Pactolus
1056 1145 1149 1203 tanto
1172 1139 1269 1204 fiuxit
1286 1158 1374 1218 auro,

202 1251 358 1327 quantum
383 1247 586 1312 liberalitate
611 1253 669 1312 tua
694 1245 862 1312 consecuti
887 1243 1033 1311 sumus?'

290 1371 401 1437 Claud.
427 1391 479 1437 vv.
509 1376 696 1437 lon-194:

336 1477 390 1543 Sic
413 1479 522 1544 Proba
545 1478 719 1560 praecipuo
745 1484 842 1543 natos
867 1483 1007 1544 exornat
1030 1478 1167 1544 amictu:

336 1584 427 1667 Quae
452 1585 589 1650 decorat
612 1586 774 1665 mundum,
800 1585 892 1651 cuius
916 1586 1065 1650 Romana
1088 1590 1239 1666 potestas

337 1691 477 1757 Fetibus
502 1697 696 1774 augetur.

292 1815 374 1882 Plin.
398 1836 472 1899 pan.
498 1836 524 1884 c.
550 1823 608 1882 57:

203 1961 255 2008 ι-
287 1942 351 1988 non
388 1925 580 1989 consulatus
616 1924 702 2006 ipse,
739 1924 793 2005 qui
829 1924 891 1991 sibi
927 1923 994 1990 tuis
1034 1924 1154 1990 umeris
1194 1925 1305 1991 attolli
1343 1932 1377 1992 et

204 2049 441 2113 augescere
464 2029 633 2097 videtur?’
1026 2032 1028 2035 ’

294 2156 406 2222 Claud.
431 2155 464 2221 in
488 2155 563 2222 Ruf.
587 2157 607 2222 l.
632 2157 657 2221 I.
682 2175 736 2223 vv.
761 2162 930 2222 nno-22:

338 2263 576 2330 Crescebat
600 2263 765 2329 scelerata
789 2263 864 2329 sitis
888 2264 1096 2346 praedaeque
1119 2263 1263 2330 recentis

336 2371 488 2436 Incestus
511 2369 678 2454 flagrabat
703 2389 802 2436 amor.

295 2495 370 2560 Pac.
394 2514 469 2577 pan.
494 2514 520 2560 c.
546 2500 603 2560 25:

207 2599 450 2684 ‘Crescebat
473 2601 507 2666 in
531 2601 602 2667 dies
627 2599 770 2666 habendi
793 2601 897 2666 fames
922 2606 956 2666 et
971 2600 1122 2682 pariendi
1138 2601 1262 2667 rabiem
1278 2608 1377 2683 parta

205 2705 403 2772 irritabant!

295 2831 407 2898 Claud.
432 2853 485 2900 vv.
511 2838 703 2900 245-249:

789 2922 861 2988 Non
885 2920 1032 2986 flectitur
1056 2920 1161 3001 annis

341 3030 411 3093 Non
437 3034 550 3095 aetate
574 3029 677 3096 labat.
724 3031 882 3096 quenum
906 3028 1056 3093 rorantia
1080 3029 1165 3093 colla

338 3137 427 3202 Ante
450 3143 581 3218 patrum
605 3138 717 3204 vultus
742 3136 861 3202 stricta
885 3135 1033 3201 cecidere
1057 3135 1180 3216 securi3

339 3245 417 3308 Ibat
439 3244 650 3327 grandaeuus
675 3248 754 3308 nato
779 3242 939 3308 moriente
964 3247 1191 3323 superstes

340 3350 421 3415 Post
445 3352 624 3416 trabeas
649 3351 734 3416 exul.

295 3473 372 3538 Pac.
395 3473 454 3539 ib:

208 3577 365 3662 ‘Vidimus
389 3578 543 3644 redactas
565 3580 783 3645 innumerum
808 3579 991 3661 dignitates
1016 3585 1050 3643 et
1067 3585 1184 3644 exutos
1209 3581 1379 3645 trabeis

209 3683 399 3750 consulares
431 3690 465 3750 et
496 3703 592 3751 senes
624 3685 831 3750 fortunarum
856 3683 1126 3766 superstites
1158 3691 1192 3749 et
1215 3685 1379 3751 infantum

208 3792 267 3856 sub
291 3790 363 3872 ipso
388 3796 517 3856 sectore
541 3791 722 3857 ludentium
746 3791 887 3856 flendam
911 3789 1144 3856 securitatem'

297 3915 410 3982 Claud.
434 3935 465 3982 v.
492 3921 572 3981 283:

626 4005 752 4070 Taceat
776 4009 934 4085 superata
958 4008 1171 4072 uetustas,

297 4113 376 4178 Naz.
399 4129 474 4193 pan.
499 4130 526 4178 c.
553 4116 610 4178 15:

209 4215 324 4302 ‘Cedat
347 4217 409 4282 tibi
433 4269 440 4284 .
465 4269 471 4284 .
497 4269 503 4285 .
528 4217 632 4284 totius
656 4217 831 4282 memoriae
855 4215 1078 4284 vetustas'
