3352 4996
789 364 1008 434 ..46-

401 565 504 631 Arist.
539 584 615 648 pag.
648 570 728 629 362:
768 564 824 626 καὶ
863 561 1066 626 έδοόλενσαν
1100 562 1295 636 Μακεδόνες
1328 563 1486 647 Πέρσαις,

313 673 442 755 Πέρσαι
465 671 609 756 Μήδοις,
633 673 749 756 Μῆδοι
772 671 896 752 Σύροις.

402 788 514 853 Claud.
538 805 592 852 vv,
618 791 785 851 163—65:

938 873 986 940 sio
1010 875 1126 940 Medus
1150 873 1273 940 ademit

446 982 584 1065 Assyrio
610 983 770 1062 Medoque
795 981 872 1046 tulit
895 981 1118 1046 moderamina
1141 983 1276 1062 Perses;

447 1089 594 1174 SubJeoit
617 1090 741 1155 Persen
766 1089 912 1154 Macedo.

400 1205 503 1273 Arist.
519 1207 578 1272 IX.
596 1204 653 1279 Εἰς
669 1203 812 1288 βασιλέα
828 1223 904 1287 pag.
922 1203 1061 1288 99s100:
1086 1202 1119 1266 ot
1136 1202 1198 1286 μέν
1220 1202 1282 1286 γάρ
1307 1201 1350 1266 δι’
1366 1201 1488 1285 ἑτέρων

313 1315 473 1394 κτώμενοι
504 1311 566 1397 τήν
599 1309 705 1395 ἀρχήν
727 1305 747 1394 ἢ
773 1309 867 1393 παρά
899 1315 964 1374 τῶν
996 1310 1062 1393 πρὸ
1095 1309 1204 1374 αὐτῶν
1235 1308 1488 1393 παραλαβόντες

312 1418 346 1483 ot‘
367 1418 429 1500 μέν
453 1416 550 1500 ίσχόν
574 1418 651 1483 ἀντὶ
674 1421 735 1480 τοῦ
759 1418 889 1481 δικαίου
914 1418 1131 1499 προθέμενοι,
1157 1415 1189 1480 οἱ
1212 1415 1242 1480 δ’
1261 1409 1375 1500 ὥσπερ
1399 1412 1487 1488 τινός

312 1525 463 1608 γένους
496 1523 703 1588 ἀκολουθίαν
733 1525 788 1587 καὶ
813 1522 975 1608 διαδοχήν
999 1525 1160 1600 σώζοντες
1185 1517 1285 1596 οὕτως
1308 1522 1369 1605 τήν
1393 1527 1487 1603 βασι-

311 1633 405 1696 λειάν
431 1631 630 1715 ἐκτήσαντο·
665 1624 755 1704 ὅστις
779 1628 817 1694 δέ
849 1628 949 1704 αὐτός
972 1629 1034 1711 μέν
1066 1626 1142 1694 οὔτε
1166 1629 1387 1712 παραγγείλας
1412 1623 1488 1691 οὔτε

311 1741 462 1826 δεηθεὶς,
498 1738 747 1824 δεηθέντων
782 1735 820 1799 δέ
853 1735 1014 1800 ἀπόντων
1046 1736 1149 1802 αὐτοῦ
1179 1737 1350 1820 γενέσθαι,
1386 1731 1487 1798 ’έδωκε

313 1847 381 1919 τοῖς
411 1847 584 1932 δεηθεῖσιν
616 1843 736 1907 έαντόν
767 1844 822 1907 καὶ
853 1843 1127 1925 παρακαλέσασι,
1159 1843 1267 1907 πάλαι
1297 1843 1402 1925 τούτῳ
1431 1841 1488 1903 καὶ

312 1951 354 2016 δι’
379 1949 540 2037 ἀρετήν
564 1954 663 2014 τοῦτο
687 1949 725 2012 τό
750 1950 845 2033 γέρας
870 1948 1039 2033 ἀφείλετο.

401 2060 514 2126 Claud.
539 2060 579 2124 de
602 2059 658 2124 IV.
684 2078 772 2123 eona.
797 2059 882 2124 Hou.
908 2077 960 2124 vv.
984 2063 1132 2125 45-48:

443 2167 537 2231 Haee
560 2171 681 2245 tamen,
706 2165 884 2230 innumeris
908 2185 967 2246 per
991 2184 1026 2230 se
1050 2166 1203 2246 quaesita
1226 2166 1404 2248 trophaeis,

443 2274 513 2338 Nou
539 2272 717 2356 generis
742 2273 835 2351 dono,
860 2291 924 2336 uon
950 2273 1127 2338 ambitione
1150 2273 1286 2355 potitus,

444 2380 556 2462 Digna
580 2379 647 2462 legi
671 2379 825 2445 virtus.
873 2379 968 2444 Ultro
993 2399 1028 2444 se
1051 2400 1197 2463 purpura
1222 2381 1409 2463 supplex

444 2486 574 2552 Obtulit
598 2493 632 2551 et
657 2487 746 2552 solus
770 2486 890 2551 meruit
913 2506 1055 2569 regnare
1078 2498 1272 2570 rogatus

400 2603 503 2668 Arist.
529 2604 549 2668 l.
574 2603 593 2667 l.
617 2622 693 2684 pag.
720 2608 799 2667 105:
833 2601 965 2665 πολλῶν
996 2606 1061 2666 τοῖν
1090 2601 1259 2688 κατηκόων
1290 2602 1486 2684 περιιόντων

309 2710 365 2773 καὶ
396 2707 691 2772 ἀτακονστοόντων
714 2707 798 2771 κατά
823 2708 938 2781 πάσας
962 2707 1022 2781 τάς
1038 2707 1164 2787 πόλεις,
1189 2708 1224 2772 εἴ
1233 2733 1281 2782 τις
1298 2708 1485 2792 φθέγξαιτό

310 2840 354 2895 τι,
379 2813 559 2899 ἐλεύθερον
583 2813 621 2878 δέ
647 2813 745 2878 οὐδέν
770 2812 845 2879 οὔτε
869 2819 1042 2900 φρονῆσαί
1061 2841 1092 2880 τι
1124 2810 1331 2896 οότεγείπεῖν
1355 2807 1486 2878 οἷόντε

312 2918 363 3003 όν,
388 2921 595 3007 ἀνῃρημένης
618 2925 676 3004 τής
700 2922 871 3005 σώφρονος
893 2923 949 2986 καὶ
974 2926 1104 2996 δικαίας
1128 2926 1378 3010 παρρησίας
1402 2973 1408 2988 .
1434 2973 1441 2988 .
1465 2969 1485 3000 .,

309 3028 485 3114 ἀπήλλαξε
516 3032 575 3090 τοῦ
609 3029 718 3111 φόβον
752 3028 872 3092 τούτου
902 3031 957 3093 καὶ
990 3028 1200 3114 ήλειοίέρωσε
1230 3029 1290 3104 τάς
1326 3028 1486 3092 ἀπόντων

309 3133 421 3219 ψνχάς
461 3132 575 3217 έντελή
613 3135 668 3198 καὶ
704 3132 891 3221 Ιὁλόκληρον
930 3135 1081 3211 ἀποδοός
1120 3137 1182 3222 τήν
1220 3136 1485 3220 έλενίίερίαν

313 3238 433 3314 αὐτοῖς.

398 3346 510 3412 Claud.
535 3365 623 3413 ouns.
648 3347 720 3413 Stil.
745 3348 799 3414 lib.
823 3349 865 3414 ΙΙ.
890 3368 943 3415 vv.
970 3356 1032 3414 120
1057 3369 1137 3431 seq.:

781 3491 822 3500 —
847 3473 912 3518 non
936 3455 1113 3520 insidiator
1136 3457 1270 3521 oberrat

441 3559 608 3625 Facturus
632 3579 866 3641 quemcumque
889 3579 989 3625 reum.

308 3670 342 3729 et
365 3684 419 3732 vv.
447 3670 615 3731 163—65:

798 3755 869 3820 Non
895 3755 983 3821 inter
1005 3758 1123 3839 poeula
1147 3777 1252 3823 sermo

441 3860 611 3942 Captatur,
634 3881 718 3942 pura
742 3862 799 3926 sed
823 3862 1040 3929 libertate
1064 3864 1218 3945 loquendi

441 3967 534 4032 Seria
559 3968 696 4049 quisque
721 3968 802 4034 ineis
827 3970 918 4034 nulia
942 3970 1115 4036 formidine
1139 3971 1266 4038 miscet.

395 4082 498 4150 Arist.
522 4104 598 4167 pag.
626 4090 703 4148 107:
735 4085 790 4147 καὶ
813 4085 879 4168 μήν
902 4087 957 4149 καὶ
983 4079 1063 4148 όσαι
1094 4085 1214 4168 ήδοναῑ
1244 4084 1403 4172 ἄρχουσιν
1427 4085 1483 4148 ἀν-

306 4189 454 4272 θρώπων
486 4188 644 4270 οὐδεμιᾶς
676 4190 771 4272 ἴσμεν
801 4191 985 4278 ἡττημένων
1015 4191 1075 4257 τόν
1097 4192 1239 4278 βασιλέα
1270 4200 1305 4259 et
1328 4213 1403 4259 mox
1434 4199 1483 4269 τίς
