3352 4996
666 372 885 431 -45-

323 563 452 626 Cuius
476 582 553 628 nee
576 563 765 645 spatium
789 565 911 630 visus
935 582 995 630 neo
1020 565 1119 629 eorda
1143 565 1293 630 decorem

323 671 391 735 Neo
415 671 544 736 laudem
569 690 634 737 vox
657 671 725 735 ulla
749 671 847 753 oepit.

278 778 381 843 Arist.
406 779 425 843 l.
450 779 470 843 l.
494 797 569 860 pag.
596 784 675 842 362:
707 778 763 839 καὶ
787 777 961 841 πολιτείαν
992 802 1025 860 γε
1050 772 1176 860 εὕρετε,
1208 775 1247 860 ’ἣν
1272 775 1364 842 οὔπω

189 885 345 966 πρόσθεν
380 884 488 958 οὐδεὶς
522 886 577 946 καὶ
613 884 761 966 δεσμοὺς
796 885 852 947 καὶ
886 884 998 959 τάξεις
1034 884 1201 968 ἀφύκτους
1236 877 1365 948 ἅπασιν

190 990 408 1074 ἐπεστήσατε.
485 1019 488 1026 ⁴

279 1098 391 1164 Claud.
416 1100 435 1164 l.
460 1100 480 1164 l.
505 1119 557 1165 vv.
586 1104 646 1164 136
672 1104 706 1164 et
731 1105 787 1164 35:

323 1209 493 1271 Armorum
518 1207 691 1289 legumque
714 1227 835 1289 parens
862 1227 946 1288 quae
971 1207 1081 1272 fundit
1104 1206 1138 1272 in
1162 1226 1274 1273 ornnes

322 1313 495 1395 Imperium
520 1314 680 1396 primique
704 1314 794 1379 dedit
819 1316 983 1380 onnabula
1004 1313 1097 1397 juris.

277 1420 380 1486 Arist.
404 1441 434 1502 p.
460 1427 540 1487 334:
573 1415 612 1484 ὅν
634 1447 668 1504 γε
691 1421 757 1507 μὴν
781 1419 947 1504 ἠπίστουν
977 1419 1062 1494 τινὲς
1091 1424 1156 1484 τῶν
1179 1420 1365 1504 λογοποιῶν

189 1525 265 1613 μηδ’
282 1518 368 1590 εἶναι
383 1525 421 1589 τὸ
439 1527 606 1609 παράπαν
618 1527 817 1593 Ὠκίανον
840 1527 923 1613 μηδὲ
949 1530 1116 1612 περιρρεῖν
1140 1527 1201 1613 τὴν
1224 1531 1303 1612 γῆν.
1322 1580 1328 1594 .
1347 1580 1364 1608 .,

189 1637 308 1698 τοῦτον
325 1627 425 1707 οὕτως
444 1632 550 1707 καλῶς
566 1633 721 1718 οἶνεύρετε
746 1629 830 1698 ὥστε
855 1633 933 1698 οὐδὲ
949 1633 968 1716 ἡ
987 1633 1138 1698 ἐνταῦθα
1161 1638 1264 1716 νῆσος
1280 1634 1365 1716 ὑμᾶς

191 1740 335 1822 διέφυγε.

280 1848 392 1914 Claud.
417 1869 470 1916 vv.
497 1855 559 1914 148
584 1856 618 1915 et
641 1855 701 1916 49:

322 1955 389 2020 Neo
413 1956 511 2021 stetit
535 1957 704 2022 Oceano
730 1956 892 2037 remisque
916 1956 1070 2039 ingressa
1092 1957 1290 2039 profundum

322 2062 509 2130 Vincendos
534 2064 597 2129 alio
622 2065 789 2145 quaesivit
811 2065 845 2130 in
870 2066 948 2130 orbe
972 2064 1162 2131 BritannoS.

281 2178 383 2245 Arist.
414 2199 490 2262 pag.
516 2185 596 2246 347:
629 2179 700 2242 ἀλλ’
725 2175 838 2265 ὥσπερ
869 2179 907 2243 τδ
940 2183 997 2263 τῆς
1027 2184 1083 2263 γῆς
1114 2177 1240 2264 ἔδαφος
1273 2181 1366 2264 φέρει

191 2286 329 2367 πάντας,
365 2279 449 2350 olivo
472 2288 528 2350 καὶ
551 2280 612 2371 ἥδε
637 2288 814 2368 δέχεται
836 2287 900 2368 μὲν
923 2287 1000 2360 τοδς
1024 2286 1060 2362 ἐξ
1085 2286 1222 2374 ἁπάσης
1244 2290 1299 2369 γῆς
1331 2294 1365 2353 et

189 2393 244 2454 καὶ
266 2391 303 2455 τδ
316 2391 475 2474 Ῥωμαῖον
499 2385 583 2457 εἶναι
607 2393 790 2478 ἐποιήσατε
808 2393 845 2457 οὐ
863 2393 1002 2473 πόλεως,
1028 2392 1115 2456 ἀλλὰ
1130 2395 1241 2476 γένους
1259 2391 1366 2476 ὄνομα

189 2503 303 2562 κοινοῦ
326 2522 422 2572 τινος.

280 2607 391 2673 Claud.
416 2628 470 2676 vv.
498 2613 560 2675 150
585 2616 619 2674 et
644 2614 701 2675 51:

324 2716 417 2781 Haeo
442 2720 494 2782 est
517 2716 551 2781 in
576 2716 734 2799 gremium
759 2716 867 2783 riolos
892 2735 976 2797 quae
1000 2717 1072 2782 sola
1095 2716 1266 2798 recepit

323 2823 574 2905 Humanumque
598 2843 702 2908 genus
728 2823 888 2890 communi
912 2824 1041 2890 nomine
1065 2823 1158 2891 fovit.

281 2938 383 3004 Arist.
407 2961 438 3022 p.
458 2945 537 3005 365:
561 2942 616 3004 καὶ
639 2938 705 3026 μὴν
728 2941 767 3002 τό
792 2964 826 3022 γε
849 2939 916 3004 ὑπὸ
942 2940 1078 3002 πάντων
1101 2938 1289 3021 λεγόμενον,
1316 2932 1366 3004 ὅτι

192 3047 231 3128 γε]
267 3043 403 3108 πάντων
433 3047 540 3132 μήτηρ
571 3048 626 3110 καὶ
658 3048 778 3127 πατρὶς
808 3047 899 3130 noum}
935 3044 1086 3126 πάντων,
1123 3044 1245 3127 ἄριστοι
1276 3046 1367 3127 ὑμεῖς

193 3151 404 3224 (ἐπεδείξατε.
437 3157 496 3216 νῦν
523 3158 601 3234 γοῦν
624 3150 733 3228 ἐ’ξεοτι
757 3155 812 3216 καὶ
827 3149 959 3238 Ἕλληνι
981 3154 1037 3215 καὶ
1060 3153 1219 3236 βαρβάρῳ
1242 3154 1297 3217 καὶ
1322 3152 1364 3216 τὰ

194 3256 298 3319 αὑτοῦ
323 3262 490 3338 κομίζοντι
513 3261 569 3322 καὶ
593 3262 690 3342 χωρὶς
713 3266 778 3324 τῶν
802 3260 906 3324 αὑτοῦ
925 3262 1086 3343 βαδίζειν,
1112 3252 1192 3323 ὅποι
1208 3259 1367 3341 βούλεται

193 3363 323 3447 ῥᾳδίοις,
349 3364 493 3446 ἀτεχνῶς
517 3367 558 3440 ὡς
582 3367 617 3430 ἐκ
640 3370 803 3448 πατρίδος
828 3365 872 3440 εἷς
896 3369 1047 3449 πατρίδα
1071 3364 1165 3433 ἰόντι.

280 3473 392 3539 Claud.
417 3493 470 3540 vv.
498 3479 560 3540 154
584 3495 667 3556 seq:

237 3605 239 3608 ·
324 3581 432 3647 Huius
456 3582 602 3663 pacificis
628 3584 782 3647 debemus
806 3581 951 3647 moribus
976 3600 1087 3646 omnes

326 3687 418 3770 Quod
443 3689 547 3754 veluti
570 3689 689 3772 patriis
713 3689 903 3772 regionibus
929 3688 1034 3754 utitur
1058 3690 1194 3770 nospes;

326 3794 419 3877 Quod
443 3797 553 3862 sedem
577 3802 706 3862 mutare
730 3797 817 3862 lieet.

280 3900 382 3967 Arist.
417 3924 448 3985 p.
473 3909 553 3970 335:
590 3902 661 3966 ἀλλ’
693 3897 805 3985 ὥσπερ
839 3908 901 3984 μία
937 3902 1026 3986 χώρα
1062 3901 1199 3985 συνεχὴς
1233 3903 1288 3964 καὶ
1322 3899 1365 3965 ἓν

193 4006 328 4089 φῦλον
352 4001 489 4072 ἅπαντα
512 4009 673 4074 ὑπακούει
697 4013 816 4096 σιωπῇ.

282 4116 393 4183 Claud.
419 4137 449 4183 v.
480 4122 555 4182 159:

610 4206 695 4286 quod
720 4205 830 4271 ounoti
855 4224 959 4288 gens
982 4224 1062 4270 una
1086 4223 1206 4270 sumus,
