3352 4996
747 401 962 461 „10-

271 594 433 674 quondam
457 593 665 675 Hellesponti
695 594 870 676 augustias
895 595 1002 660 classe
1026 615 1151 660 conexa
1175 597 1348 661 Persarum
1382 616 1439 660 rex

269 700 535 783 potentissimus:
560 700 778 782 temporarius
801 701 857 766 ille
882 701 1044 768 transitus
1065 702 1138 768 fuit.
1186 703 1289 768 Simili
1307 703 1438 770 navium

271 807 519 874 continuatione
543 808 704 890 Bajanum
738 809 843 873 sinum
876 810 1037 876 straverit
1070 812 1110 876 ab
1136 813 1288 893 Augusto
1321 811 1440 875 tertius

271 915 409 981 Caesar:
450 914 593 980 delicata
629 914 693 980 fuit
726 915 784 980 illa
819 917 966 982 vectatio
1001 917 1159 1000 pribeipis
1195 916 1302 983 otiosi’
1338 924 1372 982 et
1407 917 1440 982 ιιι

271 1022 379 1104 capite
411 1023 507 1102 XIX,
542 1022 574 1087 in
607 1041 670 1104 quo
702 1022 854 1088 Caesaris
891 1025 1092 1107 oppugnatio
1128 1044 1197 1090 cum
1231 1024 1441 1090 Constantini

270 1129 515 1212 oppugnatione
551 1129 770 1195 contenditur.
825 1130 961 1196 Accedit
998 1132 1083 1212 quod
1117 1131 1151 1196 in
1187 1132 1298 1198 eodem
1332 1133 1441 1214 capite

271 1238 446 1302 secundum
471 1243 681 1319 praeceptum
707 1237 806 1302 situm
830 1238 1000 1304 Massiliae
1025 1239 1190 1304 describit.

359 1346 398 1410 Iu
429 1345 629 1427 panegyrico
662 1344 879 1410 Constantino
906 1347 1056 1427 Augusto
1089 1345 1176 1411 dioto
1210 1346 1298 1430 (IX),
1331 1366 1441 1427 quam-

271 1471 367 1533 quam
392 1453 482 1517 solae
508 1471 562 1516 res
593 1452 678 1518 bello
703 1459 820 1534 gestae
844 1453 1094 1535 praedicantur,
1127 1459 1237 1519 tamen
1269 1456 1328 1520 bos
1352 1456 1441 1520 locos

271 1579 288 1626 e
305 1557 479 1624 Menandri
502 1558 689 1641 praeceptis
706 1558 890 1624 imitatione
908 1579 1082 1642 expressos
1100 1559 1220 1627 inveni.
1257 1565 1442 1642 Συγκρίσιις

270 1665 479 1747 reperiuntur
509 1665 542 1730 in
568 1665 730 1747 capitibus
754 1667 811 1747 IV,
848 1668 886 1746 V,
911 1667 970 1746 VI,
1002 1668 1048 1748 X,
1079 1668 1150 1746 XV,
1183 1668 1305 1746 XXIV,
1337 1667 1442 1745 XXV,

270 1770 455 1856 ἡάνδρεία
485 1772 694 1855 imperatoris
726 1774 879 1838 laudibus
911 1773 1046 1839 effertur
1076 1774 1109 1838 in
1135 1774 1243 1856 capite
1266 1775 1333 1853 IX,
1364 1773 1442 1838 item

270 1877 289 1962 ἡ
316 1879 555 1963 φιλανθρωπία
587 1879 620 1944 in
654 1880 762 1962 capite
787 1881 845 1946 XI.
901 1882 1081 1946 Praeterea
1113 1881 1146 1946 hi
1177 1882 1239 1946 duo
1271 1881 1334 1946 loci
1366 1899 1440 1946 con·

271 1991 410 2070 gruunt:
435 1986 520 2052 Men.
545 2007 574 2069 p.
601 1991 681 2052 374:
705 1985 789 2068 μετὰ
815 1986 851 2050 δὲ
877 1985 937 2071 τὴν
962 1984 1075 2050 ἄνεσιν
1100 1986 1236 2062 ἐπάξεις
1260 1985 1442 2051 reddeundi

272 2090 358 2155 ἄλλα
396 2096 663 2178 κατορθώματα,
703 2094 759 2157 και
793 2095 942 2177 τρόπαια
976 2101 1150 2176 τροπαίοις
1189 2095 1351 2178 συνάψεις
1386 2097 1442 2158 καὶ
1502 2093 1504 2101 ’

271 2224 290 2263 ν
300 2205 315 2263 ί
319 2226 337 2262 κ
347 2225 392 2273 ας
407 2224 426 2263 ν
437 2205 473 2263 ιἰι
483 2224 566 2280 αις,
592 2201 723 2266 ἱππέοιν
740 2201 856 2285 φυγὰς,
874 2203 983 2276 πεζῶν
1000 2201 1135 2284 φόνους.
1159 2203 1226 2267 Inc.
1241 2221 1310 2283 cap.
1323 2203 1441 2267 XXII:

271 2314 331 2392 ,tu‚
367 2308 598 2388 Constantine,
634 2311 724 2374 solus
755 2309 976 2391 infatigabilis
1008 2309 1104 2374 bellis
1139 2309 1227 2375 bella
1258 2309 1442 2388 continuas

271 2414 489 2482 victorias
514 2415 724 2482 victoriis
749 2414 913 2482 cumulas?
960 2416 1045 2481 Men.
1069 2435 1144 2499 pag.
1163 2423 1243 2482 377:
1267 2420 1361 2488 τινας
1386 2407 1444 2480 οὖν

273 2521 374 2603 εὐχὰς
398 2517 561 2604 εὔχεσθαι
586 2524 642 2585 δεῖ
660 2527 706 2604 τῷ
728 2528 888 2608 κρείττονι
909 2521 968 2595 τοις
992 2523 1106 2596 πόλεις
1129 2519 1149 2608 ἢ
1174 2522 1258 2605 ὑπὲρ
1282 2521 1444 2605 βασιλέως

273 2630 346 2708 ἀεί,·
377 2635 414 2693 τι’
434 2628 471 2693 dl
496 2631 609 2712 μεῖζον
640 2629 745 2694 αἰτεῖν
773 2629 867 2712 παρὰ
893 2634 959 2693 τῶν
982 2634 1073 2693 θεῶν
1096 2627 1116 2714 ἢ
1141 2630 1285 2712 βασιλέα
1317 2613 1399 2704 σ’ώζ
1409 2653 1444 2690 ε-

272 2741 399 2815 αθαα
444 2740 511 2804 Inc.
536 2758 606 2820 cap.
623 2739 753 2804 XXVI:
782 2744 835 2823 ,te,
859 2738 1000 2820 inquam,
1025 2757 1155 2803 oramus
1180 2744 1214 2803 et
1238 2756 1444 2818 quaesumus

272 2852 309 2910 ut
331 2848 418 2911 hunc
440 2845 474 2910 in
499 2845 606 2910 omnia
631 2847 764 2911 saecula
787 2846 965 2928 prinoipem
991 2843 1159 2912 serves!

360 2953 453 3019 Nunc
466 2954 508 3018 ad
521 2953 654 3017 Nazarii
670 2952 906 3036 panegyricum
919 2951 1138 3017 Constantino
1152 2952 1304 3034 Augusto
1322 2951 1443 3017 dictum

273 3060 434 3140 venimus,
467 3059 521 3140 qui
554 3065 589 3125 ut
621 3061 725 3144 major
756 3066 808 3125 est
839 3079 934 3139 quam
965 3058 989 3123 ii
1019 3078 1100 3139 quos
1129 3060 1362 3139 tractammus,
1395 3060 1443 3124 ita

273 3167 455 3234 uberiorem
473 3167 597 3250 copiam
611 3169 712 3232 babet
725 3168 767 3232 ad
780 3167 1010 3232 illustrandam
1026 3166 1198 3230 Menandri
1215 3165 1442 3231 imitationem.

273 3276 364 3359 Quae
392 3277 460 3358 jam
493 3274 708 3357 dispositione
739 3275 812 3356 ipsa
843 3279 957 3339 exstat
989 3279 1088 3353 atque
1120 3273 1251 3339 eminet.
1298 3275 1379 3337 Nam
1411 3273 1444 3336 ιιι

272 3381 479 3465 praefatione
502 3381 664 3446 Nazarius
696 3381 802 3446 fusius
831 3381 912 3446 dicit
942 3381 1057 3445 laudes
1086 3385 1120 3444 et
1143 3399 1197 3444 res
1222 3386 1336 3460 gestas
1361 3379 1442 3442 Cou-

272 3489 413 3554 stantini
436 3489 577 3573 majores
610 3507 684 3554 esse
715 3507 811 3569 quam
841 3507 924 3568 quae
956 3486 1105 3552 oratione
1137 3485 1274 3568 exprimi
1305 3483 1443 3566 possint.

272 3596 400 3662 Deinde
428 3596 463 3661 in
487 3595 651 3678 capitibus
676 3601 783 3660 6-32
816 3615 870 3659 res
902 3595 986 3659 bello
1019 3598 1135 3676 gestas
1168 3592 1315 3658 celebrat
1347 3598 1380 3657 et
1410 3591 1444 3656 ιιι

273 3703 437 3786 capitibus
462 3709 591 3768 33-37
617 3722 671 3768 res
694 3702 728 3768 in
752 3721 833 3785 pace
858 3709 983 3785 gestas
1022 3700 1181 3783 Epilogus
1206 3700 1345 3781 denique
1369 3719 1444 3764 con-

271 3811 398 3876 tinetur
421 3809 530 3893 capite
556 3816 606 3891 38,
629 3809 663 3874 ιιι
688 3829 750 3891 quo
775 3811 856 3874 baec
881 3808 1007 3890 scripta
1032 3814 1125 3873 suut:
1150 3808 1259 3892 ,Jaoet
1282 3806 1315 3871 in
1340 3807 1445 3871 latere

273 3917 455 3984 Galliarum
480 3923 516 3982 ut
540 3917 572 3981 in
598 3916 672 3982 sinu
696 3921 752 3982 tuo
777 3917 852 3981 fusa
876 3915 1048 3996 barba1·ia;
1080 3915 1203 3980 Persae
1228 3914 1303 3996 ipsi,
1329 3919 1445 3995 potens

272 4025 364 4090 natio
389 4031 423 4090 et
443 4029 519 4108 post
533 4025 714 4089 Romanam
738 4023 997 4106 magnitudinem
1021 4023 1053 4086 in
1071 4022 1171 4087 terris
1189 4021 1342 4099 secunda,
1368 4020 1445 4085 ami·

274 4132 385 4198 citiam
409 4138 514 4211 tuam,
547 4130 764 4196 Constantine
788 4130 940 4210 maxime,
973 4149 1037 4195 uon
1066 4129 1173 4194 minus
1197 4127 1324 4209 trepide
1349 4146 1445 4206 quam

273 4237 460 4303 amabiliter
482 4237 682 4320 petiverunt.
728 4237 826 4302 Nulla
856 4237 889 4301 in
921 4236 1021 4302 terris
1053 4241 1121 4299 tam
1150 4233 1243 4299 ferox
1268 4232 1359 4297 natio
1385 4241 1446 4313 est,
