3352 4996
755 411 973 472 ..16..

278 601 413 662 auctore
444 597 625 663 Menandro
658 599 713 678 qni
745 598 826 664 dicit
856 620 885 681 p.
912 606 992 666 376:
1027 600 1264 686 μνημονεύσεις
1296 601 1334 667 dl
1364 603 1449 685 μετὰ

278 706 376 765 τοῦτο
400 707 459 787 τῆς
474 703 573 791 τύχης
590 703 691 786 λέγων
710 699 760 768 ὅτι
778 711 1073 791 συμπαρομαρτεῖν
1097 706 1135 771 δὲ
1152 704 1257 772 ’ἔοικεν
1272 709 1324 793 ἐφ’
1341 704 1450 774 ἅπασι

276 811 332 872 καὶ
356 810 501 893 πράξεσι
531 811 587 873 καὶ
610 810 717 893 λόγως
742 816 787 894 τῷ
810 811 948 894 βασιλεῖ
966 818 1010 894 τῷ
1034 813 1164 898 μεγάλῳ
1188 815 1272 904 τύχη
1296 816 1451 902 λαμπρὰ·

275 919 445 998 κατορθοῖ
461 915 522 1000 γὰρ
547 911 689 983 ’ἕκαστον
712 923 860 1002 κρεῖττον
877 918 982 1003 εὐχῆς.
1023 921 1168 1003 Quocum
1192 922 1344 990 collieres
1368 925 1449 991 111100

278 1024 393 1090 Ρο0011
419 1025 537 1091 verba:
571 1045 656 1109 ,nam
681 1026 746 1092 0101
768 1046 827 1109 per
850 1033 885 1092 10
909 1027 1091 1094 confeceris
1115 1048 1199 1111 quae
1223 1031 1368 1112 volebas,
1391 1051 1450 1114 per

277 1132 443 1197 fortunam
469 1138 577 1198 tamen
600 1135 675 1214 plns
700 1134 840 1215 adeptus
866 1152 901 1199 es
926 1153 1022 1215 quam
1041 1135 1197 1202 uolebas.²
1236 1136 1450 1221 ’1111011011-

277 1243 460 1322 ανθρωπία
483 1239 696 1320 praedicatur
719 1241 751 1305 in
777 1260 847 1322 cap.
864 1245 907 1305 44
929 1246 964 1306 01
979 1247 1031 1322 45,
1055 1241 1089 1306 in
1114 1243 1231 1323 quibus
1256 1243 1350 1309 dicit:
1376 1245 1448 1328 ,cle-

279 1348 400 1412 mentia
423 1354 496 1429 tna,
527 1348 720 1429 imperator,
752 1367 814 1428 quo
839 1350 944 1429 caelo,
978 1368 1040 1429 quo
1064 1349 1245 1432 pigmenta
1278 1370 1341 1431 quo
1373 1369 1448 1416 0010

276 1473 399 1521 aurove
418 1453 591 1520 duceturi'
630 1459 815 1536 Συγκρίσεις
839 1455 977 1535 denique
998 1455 1211 1523 inveniuntur
1234 1457 1267 1521 in
1285 1457 1447 1538 capitibus

277 1568 305 1641 0,
330 1568 359 1642 0,
385 1569 413 1642 0,
440 1566 489 1643 14,
517 1567 566 1642 11,
592 1568 643 1642 01,
669 1569 719 1642 31,
745 1568 796 1642 33,
820 1567 873 1628 46.

721 1861 825 1948 capul
848 1861 1005 1932 alterum.

275 2003 406 2072 Quomodo
420 2003 579 2061 claudianus
599 2003 623 2060 11
644 2003 812 2074 panepyrlcls
832 2005 859 2060 et
878 2003 1055 2072 epithalamiis
1074 2005 1261 2073 componandls
1281 2007 1448 2062 Menandrum

700 2095 834 2150 rhetorem
853 2095 965 2151 secutus
984 2094 1030 2151 slt.

362 2204 401 2269 In
425 2204 528 2286 primo
554 2204 663 2286 capite
686 2203 907 2286 panegyricos
937 2223 1056 2286 prosae
1085 2203 1246 2268 orationis
1271 2205 1447 2270 secundum

273 2313 442 2377 rhetorum
484 2316 662 2393 praecepta
705 2311 909 2393 conscriptos
952 2330 1025 2376 0000
1066 2312 1292 2376 demonstrare
1337 2312 1448 2377 conati

275 2438 395 2485 sumus.
441 2420 535 2485 Nunc
558 2418 643 2484 idem
668 2419 708 2483 de
730 2418 902 2484 Claudiani
927 2418 1125 2484 carminibus
1149 2417 1183 2482 in
1207 2417 1317 2500 capite
1341 2419 1446 2484 altaro

273 2527 413 2607 probare
456 2525 550 2591 nobis
593 2525 795 2608 propositum
842 2532 902 2591 est.
967 2524 1083 2591 Mirari
1126 2529 1236 2590 autem
1279 2544 1339 2590 nos
1382 2545 1446 2592 uon

273 2637 405 2715 oportet
444 2633 673 2713 Claudianum,
713 2633 830 2714 quippe
870 2633 924 2713 qui
963 2651 1102 2715 magnus
1137 2638 1237 2713 poeta
1275 2634 1447 2713 habeatur,

272 2740 415 2806 rhetoris
438 2746 618 2822 praecepta
650 2745 798 2805 secutum
822 2758 909 2821 esse,
942 2759 1013 2806 cum
1037 2739 1122 2804 idom
1146 2738 1274 2820 poetico
1300 2758 1446 2805 sermone

272 2851 437 2912 tractaret
476 2848 561 2927 quod
592 2866 691 2928 prosa
723 2845 872 2912 oratione
902 2847 1043 2926 PliniuS,
1078 2845 1256 2925 Nazarius,
1292 2847 1446 2912 Pacatus.

272 2953 412 3019 Accedit
443 2955 529 3034 quod
552 2952 787 3036 panegyricum
811 2952 844 3017 in
870 2953 1048 3018 Messalam
1081 2957 1225 3032 01011111,
1257 2953 1312 3033 qui
1337 2953 1445 3018 111Ρί-

274 3080 384 3126 sonem
411 3060 616 3142 conscriptus
641 3065 702 3139 001,
727 3060 770 3124 ad
794 3061 960 3124 rhetorum
986 3059 1128 3124 artificia
1152 3060 1349 3141 compositos
1374 3079 1446 3126 esse

271 3169 374 3250 primo
414 3174 553 3250 apparet
592 3169 718 3232 obtutu.
777 3166 862 3249 Quin
898 3165 997 3232 etiam
1034 3166 1187 3233 Ovidium
1223 3172 1258 3231 01
1294 3167 1446 3249 Statium,

272 3280 389 3357 poetas
413 3275 528 3340 summi
549 3273 683 3357 ingenii,
706 3274 1258 3356 11010110001000011100001111011
1276 3274 1446 3340 dubitasse

272 3386 415 3448 constat.

361 3488 426 3554 Sed
451 3490 519 3571 jam
550 3488 697 3571 singulos
726 3487 946 3570 panegyricos
970 3486 1143 3552 Claudiani
1175 3506 1245 3552 cum
1271 3485 1445 3550 Menandri

270 3595 456 3676 praeceptis
489 3612 727 3677 comparemus,
760 3613 824 3674 qua
848 3593 882 3658 in
906 3613 941 3659 re
966 3593 1096 3658 initium
1131 3593 1297 3674 capiamus
1321 3610 1342 3657 0
1364 3611 1444 3674 pan·

271 3700 404 3783 agyrico
430 3701 565 3783 Olybrio
590 3706 624 3767 01
648 3699 791 3766 Probino
817 3700 1005 3765 consulibus
1029 3699 1128 3765 dicto.

360 3809 408 3872 Ac
432 3807 569 3889 primum
594 3807 723 3888 quidem
748 3806 964 3872 Claudianum
993 3806 1027 3871 in
1051 3805 1327 3887 panegyricorum
1350 3824 1444 3888 prae·

270 3912 452 3978 sationibus
476 3933 641 3995 nunquam
665 3949 707 3960 -
732 3913 765 3977 in
791 3911 1012 3994 epithalamiis
1043 3912 1142 3977 011101
1171 3929 1238 3975 1010
1263 3930 1299 3978 00
1323 3913 1444 3976 habere

270 4019 452 4086 videbimus
479 4057 515 4066 -
544 4019 730 4086 sententias
755 4039 772 4084 0
799 4019 978 4084 Menandro
1003 4019 1225 4100 desumpsisse
1249 4019 1444 4083 monendum

270 4132 331 4193 001.
371 4127 426 4192 Sic
450 4127 549 4192 etiam
575 4129 645 4209 ejus
669 4126 871 4209 panegyrici,
897 4145 990 4206 quem
1007 4145 1093 4191 nunc
1109 4131 1303 4205 tractamus,
1328 4143 1445 4192 versus

272 4241 355 4299 1-1
381 4234 484 4316 ipsius
508 4242 627 4315 poetae
652 4232 784 4315 ingenio
806 4233 975 4298 debentur.
1016 4232 1079 4296 Sed
1100 4233 1169 4314 Jam
1193 4250 1310 4298 versus
1327 4237 1445 4311 8-60,
