3352 4996
682 387 811 449 „43
865 425 897 432 -.

294 580 406 644 Claud.
432 579 471 644 de
496 580 581 644 hello
606 579 704 644 Goth.
729 599 781 645 vv.
802 584 951 644 46-49:

338 687 418 750 Alta
442 705 501 751 nec
525 685 662 752 incertis
686 686 837 751 metimur
860 686 995 751 flumina
1019 686 1107 752 votis

337 793 476 859 Excidio
501 794 612 858 latura
635 813 757 858 moram
781 812 842 859 nec
865 793 1030 875 poscimus
1055 813 1167 858 amnes

338 900 505 966 Undosam
530 919 666 967 servare
689 900 784 965 fidem
810 902 977 980 nubesque
1001 900 1139 982 fugaces

338 1007 406 1072 Aut
431 1007 637 1072 coniuratum
661 1007 827 1088 querimur
851 1008 1024 1090 splendere
1048 1027 1207 1074 serenum.

294 1115 391 1180 Mam.
415 1134 489 1197 pan.
515 1115 601 1180 Max.
628 1135 653 1182 c.
680 1123 715 1180 7:

204 1223 259 1306 ‘Et
283 1221 355 1304 quis
380 1241 521 1302 unquam
546 1227 624 1287 ante
648 1241 707 1289 vos
724 1222 875 1306 princeps
893 1242 957 1288 non
974 1223 1165 1304 gratulatus
1182 1227 1234 1288 est
1251 1222 1379 1288 Gallias

203 1329 260 1395 illo
285 1348 380 1394 amne
404 1329 549 1394 muniri?
574 1330 704 1411 quando
725 1348 788 1395 non
807 1349 879 1395 cum
897 1349 1019 1395 summo
1036 1335 1124 1395 metu
1142 1337 1256 1396 nostro
1273 1329 1381 1395 Rheni

207 1437 335 1503 alveum
359 1435 477 1502 minuit
501 1436 557 1501 diu
580 1456 698 1503 serena
721 1435 908 1520 potestas?’

293 1544 405 1611 Claud.
430 1564 483 1610 vv.
509 1549 679 1609 noi-12:

339 1653 391 1716 An
415 1651 526 1734 potius
550 1651 736 1717 meminisse
760 1651 855 1718 iuvat
879 1671 1070 1734 semperque
1095 1652 1240 1719 vicissim

338 1759 469 1824 Gaudia
493 1759 667 1841 praemissi
692 1761 859 1826 cumulant
883 1760 1017 1843 inopina
1041 1759 1196 1825 dolores?

337 1867 447 1946 thue
472 1868 532 1931 suh
558 1867 694 1932 occidua
716 1867 854 1950 jactatis
878 1867 1013 1933 Pleiade
1038 1867 1149 1932 nautis
1327 1952 1329 1955 Ι

337 1973 609 2039 Commendat
632 1974 796 2056 placidum
820 1975 951 2040 maris
975 1975 1186 2040 inclementia
1208 1981 1348 2057 portum,

338 2081 392 2146 Sic
415 2080 492 2146 mihi
516 2087 596 2146 tunc
619 2081 723 2146 maior
748 2081 895 2162 Stilicho,
920 2101 990 2147 cum
1015 2083 1106 2147 laeta
1129 2081 1261 2163 periclis

337 2189 458 2253 Metior
481 2193 582 2268 atque
606 2188 654 2253 illi
678 2189 818 2253 redeunt
842 2189 875 2253 in
901 2189 1000 2254 corda
1024 2190 1266 2254 tumultus?

292 2294 375 2360 Plin.
401 2315 427 2361 c.
453 2301 488 2360 5:

203 2405 262 2487 ‘Ac
286 2401 371 2466 sicut
395 2402 526 2467 maris
551 2402 698 2483 caelique
723 2404 912 2484 temperiem
930 2403 1080 2470 turbines
1096 2409 1378 2484 tempestatesque

203 2509 514 2588 commendant,
545 2509 594 2574 ita
619 2509 661 2573 ad
685 2511 870 2593 augendam
900 2510 991 2593 pacis
1017 2517 1095 2575 tuac
1119 2510 1263 2593 gratiam
1287 2509 1377 2574 illum

203 2617 428 2681 tumultum
452 2616 677 2697 praecessisse
701 2615 914 2683 crediderim?

294 2741 406 2808 Claud.
431 2762 484 2808 vv.
511 2746 679 2806 352-58:

847 2833 914 2897 Nec
939 2832 1049 2897 mollia
1073 2832 1162 2898 fesso

336 2939 453 3004 Strata
477 2938 596 3003 dedere
622 2943 745 3020 torum;
770 2939 916 3004 tenebris
942 2939 970 3004 si
994 2959 1094 3005 caeca
1118 2939 1277 3021 repressit

334 3046 407 3111 Nox
429 3045 503 3125 iter,
528 3051 587 3110 aut
611 3046 744 3127 spelaea
769 3045 859 3111 subit
882 3046 1059 3112 metuenda
1083 3046 1228 3112 ferarum

335 3151 404 3217 Aut
427 3152 589 3233 pastorali
610 3152 716 3235 Jacuit
740 3155 800 3216 sub
826 3152 964 3218 culmine
988 3153 1092 3218 fultus

336 3258 502 3325 Cervicem
529 3259 642 3341 clipeo.
691 3259 768 3324 Stat
790 3259 933 3341 pallidus
958 3259 1133 3341 hospite
1157 3279 1306 3343 magno

334 3367 456 3430 Pastor
479 3372 513 3430 et
536 3366 651 3449 ignoto
675 3367 881 3448 praeclarum
906 3367 1034 3430 nomine
1059 3367 1184 3431 vultum

335 3472 475 3539 Rustica
500 3474 648 3539 sordenti
671 3473 826 3557 genetrix
851 3474 997 3539 ostendit
1021 3475 1161 3542 alumno.

290 3581 373 3646 Plin.
398 3601 423 3645 c.
453 3585 507 3645 15:

201 3686 330 3772 ‘Veniet
355 3707 434 3770 ergo
452 3693 589 3768 tempus,
614 3707 676 3768 quo
701 3688 825 3770 posteri
850 3687 959 3754 visere
984 3689 1220 3770 visendumque
1244 3689 1377 3754 tradere

201 3794 380 3859 minorihus
413 3794 482 3859 suis
507 3793 662 3876 gestient,
696 3795 769 3876 quis
794 3795 930 3860 sudores
961 3802 1037 3862 tuos
1061 3796 1211 3862 hauserit
1235 3815 1377 3877 campus,

202 3921 287 3982 quae
303 3901 503 3966 refectiones
521 3908 597 3966 tuas
615 3903 759 3983 arbores
777 3921 861 3984 quae
878 3921 1023 3968 somnum
1041 3923 1125 3968 saxa
1140 3903 1377 3984 praeterierint,

201 4009 286 4090 quod
312 4007 451 4090 denique
476 4013 598 4073 tectum
623 4028 800 4091 magnus
826 4011 983 4092 hospes
1007 4009 1214 4092 impleveris!

291 4115 404 4182 Claud.
428 4135 458 4181 v.
483 4119 565 4179 423:

335 4222 452 4287 Ullane
476 4221 726 4302 posteritas
752 4222 926 4287 credet?
