3352 4996
805 433 1001 492 -4-

765 655 869 745 capul
890 655 1043 744 primum.

406 802 631 885 Panegyricos
663 801 786 867 latinos
818 802 872 883 qui
905 802 1012 868 obiter
1034 801 1214 884 perlegerit
1245 803 1366 869 multos
1399 806 1488 870 locos
1562 852 1565 862 .

317 910 481 990 inveniet,
512 909 545 974 in
571 909 688 990 quibus
713 908 893 991 scriptores
916 909 1103 992 praeceptis
1127 909 1315 991 rhetoricis,
1346 911 1486 992 quaein

318 1017 431 1083 schola
455 1016 649 1097 didicerant,
680 1034 757 1080 usos
782 1035 856 1081 esse
880 1015 1090 1082 manifestum
1114 1023 1175 1082 est.
1220 1018 1343 1083 Tamen
1368 1037 1487 1101 operae

316 1123 457 1222 pretium
481 1122 558 1220 mihi
582 1122 715 1189 videtur
745 1141 819 1187 esse
843 1122 1031 1188 accuratius
1056 1125 1142 1188 hanc
1169 1122 1203 1188 in
1231 1143 1299 1189 rem
1323 1124 1487 1206 inquirere

317 1237 351 1296 et
376 1228 771 1326 singnlcsppanegyricos
803 1248 874 1294 cum
904 1228 946 1294 iis
978 1249 1169 1312 comparare
1200 1250 1283 1312 quae
1307 1232 1488 1297 Menander

318 1339 357 1402 de
380 1336 591 1430 panegyricis
616 1335 847 1418 componendis
871 1335 1020 1402 tradidit.
1054 1337 1136 1402 Nam
1153 1356 1218 1402 non
1236 1338 1339 1404 solum
1355 1337 1488 1420 singula

318 1450 505 1527 praecepta,
537 1449 574 1508 ut
598 1442 859 1525 dispositionem,
891 1443 1016 1526 figuras
1040 1443 1233 1525 rhetoricas,
1265 1444 1487 1526 captationem

317 1551 577 1631 benevolentiae,
602 1551 874 1631 observaverunt,
899 1551 957 1615 sed
980 1551 1102 1616 multas
1126 1551 1310 1617 sententias
1334 1557 1487 1634 totosque

317 1660 407 1724 locos
439 1678 456 1724 e
487 1657 661 1723 rhetoricis
693 1659 882 1740 desumptos
914 1658 982 1723 suis
1014 1657 1106 1724 libris
1138 1658 1362 1728 intexuerunt.
1410 1660 1488 1725 Cum

319 1765 500 1831 Menandro
526 1771 650 1845 autem,
681 1783 775 1845 quem
800 1764 865 1831 viri
895 1764 983 1831 docti
1015 1765 1115 1830 tertio
1140 1765 1316 1849 assignant
1347 1767 1489 1847 saeculo,

316 1871 536 1956 panegyricos
569 1871 779 1952 contulimus,
811 1871 888 1953 quia
912 1873 1008 1955 hujus
1032 1871 1175 1938 rhetoris
1207 1879 1386 1955 praecepta
1418 1875 1489 1938 sola

317 1981 388 2046 fere
411 1984 556 2059 exstant,
580 1977 645 2044 etsi
669 1978 815 2043 dubitari
837 1998 902 2043 non
925 1984 1047 2061 potest,
1072 1979 1149 2060 quin
1171 1979 1228 2045 alii
1244 1981 1394 2046 rhetores
1410 1986 1489 2046 ante

318 2107 390 2153 eum
415 2086 534 2152 similia
558 2085 598 2151 de
621 2087 685 2150 hac
708 2104 744 2150 re
768 2084 949 2151 docuerint.
995 2087 1062 2151 Det
1085 2086 1190 2169 igitur
1219 2086 1298 2152 mihi
1322 2106 1487 2170 compara·

318 2194 418 2260 tionis
450 2193 618 2260 exordium
650 2191 778 2258 Claudii
809 2193 998 2259 Mamertini
1033 2194 1254 2277 panegyricus
1287 2195 1487 2260 Maximiano

318 2305 469 2384 Augusto
495 2300 612 2366 dictus.

407 2427 455 2492 Ac
478 2425 616 2508 primum
641 2423 769 2506 quidem
795 2425 835 2491 de
858 2425 1033 2508 prooemiis
1056 2425 1238 2492 Menander
1262 2425 1327 2511 (ed.
1353 2425 1487 2511 Speng.)

319 2552 390 2599 cum
414 2532 481 2598 alia
505 2539 573 2598 tum
597 2533 679 2598 haec
702 2532 863 2615 praecipit
888 2531 977 2617 (pag.
1004 2533 1097 2619 368):
1123 2526 1174 2597 ὅτι
1197 2534 1259 2598 δύο
1283 2534 1326 2596 τὰ
1350 2535 1490 2616 μέγιστα

317 2643 383 2702 τῶν
413 2637 631 2722 ὑπαρχόντων
662 2637 697 2701 ἐν
728 2643 774 2721 τῷ
804 2645 866 2723 βίῳ
896 2645 962 2704 τῶν
994 2638 1187 2723 ἀνθρώπων
1219 2639 1311 2703 ἐστὶν
1335 2639 1490 2723 εὐσέβεια

318 2747 396 2829 περὶ
426 2744 464 2808 τό
497 2748 595 2808 θεῖον
624 2746 680 2808 καὶ
711 2743 787 2829 τιμὴ
821 2747 898 2829 περὶ
928 2745 988 2810 τὸν
1018 2745 1177 2830 βασιλέα,
1203 2744 1225 2807 ἃ
1250 2746 1489 2828 προσήκεικαὶ

316 2853 515 2934 θαομοίζειν
548 2853 604 2915 καὶ
636 2851 751 2934 ὑμνεῖν
784 2851 869 2915 κατὰ
905 2852 1055 2934 δύναμιν.
1110 2851 1253 2916 Similem
1289 2850 1489 2916 sententiam

317 2958 403 3042 apud
431 2959 663 3024 Mamertinum
694 2959 728 3024 in
760 2958 869 3041 capite
901 2959 1006 3024 altero
1039 2957 1103 3042 (ed.
1128 2958 1262 3037 Baehr.)
1294 2955 1488 3037 invenimus

318 3066 372 3132 ubi
403 3068 485 3131 haec
516 3066 641 3148 scripta
665 3072 759 3132 sunt:
791 3065 910 3150 ‘Quare
935 3065 963 3131 si
987 3084 1073 3130 nunc
1096 3065 1220 3129 Romae
1249 3082 1360 3130 omnes
1384 3063 1487 3146 magi-

317 3180 445 3239 stratus
476 3179 510 3239 et
541 3173 713 3256 pontifices
746 3179 779 3238 et
811 3173 1001 3238 sacerdotes
1029 3173 1127 3255 juxta
1158 3177 1314 3254 parentes
1339 3170 1430 3236 urbis
1454 3177 1488 3236 et

317 3286 463 3347 statores
488 3281 566 3346 deos
582 3281 736 3346 Herculis
760 3282 883 3363 templa
904 3285 1107 3346 venerantur
1124 3304 1181 3345 -:
1206 3284 1329 3360 quanto
1354 3278 1487 3344 tandem

317 3388 426 3454 studio
450 3407 510 3454 nos
534 3388 587 3453 hic
611 3387 825 3455 convenit-
852 3387 1008 3468 quidquid
1032 3385 1169 3469 spiritus
1193 3393 1228 3451 et
1251 3386 1343 3453 vocis
1366 3386 1487 3450 habea-

315 3515 396 3576 mus
420 3514 514 3560 omne
537 3494 571 3559 id
591 3493 625 3558 in
642 3495 794 3560 laudibus
818 3494 885 3560 tuis
902 3513 966 3558 non
990 3512 1151 3575 occupare
1167 3493 1271 3572 modo,
1295 3492 1363 3571 sed,
1388 3491 1416 3555 si
1433 3511 1486 3557 res

316 3612 441 3685 poscat,
467 3603 637 3666 absumere
647 3598 672 3666 θ’

406 3724 504 3790 Aliud
527 3730 738 3807 praeceptum
769 3724 944 3790 Menandri
975 3732 1028 3789 est
1059 3725 1120 3788 hoc
1151 3721 1195 3806 (p.
1221 3720 1318 3806 369):
1349 3722 1487 3808 ἦτρίτη

318 3831 356 3896 δὲ
372 3835 432 3895 τοῦ
448 3835 628 3912 προοιμίου
652 3827 764 3895 ἐ’ννοια
783 3867 819 3876 -
840 3828 1103 3914 προκαταρκτικὴ
1127 3830 1199 3913 γενέ
1205 3833 1280 3892 σθω
1303 3833 1369 3891 τῶν
1388 3851 1488 3910 κεφα-

315 3937 430 4016 λαίων,
464 3934 585 3999 λοιπὸν
617 3935 659 4009 ὡς
683 3937 930 4020 δεαποροῦντος
953 3938 1013 3998 τοῦ
1036 3934 1197 4017 λὲγοντος,
1231 3927 1315 3997 ὅθεν
1338 3932 1398 4017 χρὴ
1427 3931 1488 4014 τὴν

316 4039 423 4128 ἀρχὴν
446 4047 511 4106 τῶν
535 4041 698 4125 ἐγκωμίων
721 4041 948 4126 ποιήσασθαι.
994 4043 1066 4108 Ηοο
1090 4046 1302 4123 praeceptum
1332 4041 1486 4105 observa·

314 4155 383 4214 tum
414 4148 562 4216 videmus
592 4149 627 4213 in
658 4149 770 4214 eodem
803 4149 912 4231 capite
943 4148 1019 4214 inde
1053 4146 1225 4213 avernis:
1257 4144 1353 4230 ‘unde
1383 4144 1488 4227 igitur

316 4254 461 4322 ordiar?
486 4274 588 4336 usque
612 4255 773 4321 adfinem
799 4255 928 4338 capitis.
