3352 4996
853 367 1074 425 -13-

466 554 542 619 Jarn
567 555 609 619 ad
631 555 867 638 panegyricum
892 556 931 620 de
955 554 1056 620 tertio
1073 556 1246 620 consulatu
1263 555 1401 620 Honorii
1426 557 1549 621 dictum

377 667 600 741 transeamus,
631 661 752 741 inquo
780 661 856 726 inde
888 679 1031 728 aversu
1054 660 1178 726 decimo
1210 680 1313 742 nsque
1344 663 1386 726 ad
1416 682 1549 730 versum
1636 664 1641 670 '

378 767 535 834 decimum
560 767 733 850 septimum
756 769 839 833 haec
861 767 1016 851 legimus:

511 874 593 957 Spes
618 881 794 956 votumque
817 875 891 957 poli,
917 894 1011 955 quern
1035 875 1138 956 primo
1163 895 1183 939 a
1206 874 1317 940 limine
1340 875 1432 942 vitae

510 981 630 1048 Nutrix
655 983 731 1047 aula
755 982 857 1062 fovet,
883 981 1011 1047 strictis
1037 1001 1130 1062 quern
1154 981 1283 1064 fulgida
1307 983 1384 1048 telis

508 1090 603 1154 Inter
625 1089 809 1173 laurigeros
835 1089 990 1154 aluerunt
1014 1094 1127 1154 castra
1151 1087 1342 1171 triumphos.

509 1197 623 1262 Ardua
646 1196 796 1278 privatos
820 1196 927 1261 nescit
951 1196 1102 1261 Fortuna
1124 1201 1263 1277 penates

509 1304 554 1368 Et
578 1324 714 1387 regnum
739 1322 810 1368 cum
834 1303 906 1369 luce
930 1302 1030 1369 dedit.
1078 1302 1229 1386 Cognata
1252 1309 1404 1384 potestas

509 1410 650 1493 Excepit
673 1410 773 1492 Tyrio
798 1409 987 1478 venerabile
1010 1409 1130 1493 pignus
1154 1409 1187 1474 in
1212 1415 1302 1477 ostro

508 1517 748 1598 Lustravitque
772 1523 847 1582 tuos
872 1516 991 1598 aquilis
1016 1505 1209 1584 victricibus
1234 1524 1326 1583 ortus

508 1624 604 1690 Miles
629 1630 664 1690 et
686 1624 719 1688 in
744 1623 859 1689 mediis
884 1623 1047 1689 cunabula
1070 1625 1223 1705 praebuit
1248 1625 1364 1692 hastis,

464 1731 589 1814 Quibus
624 1731 655 1796 in
693 1731 844 1798 versibus
878 1737 1009 1812 poetam
1049 1729 1144 1795 huius
1180 1731 1322 1797 rhetoris
1360 1733 1546 1815 praecepti:

375 1839 450 1924 ἑξῆς
474 1837 510 1902 δὲ
535 1838 718 1922 κεφάλαιόν
751 1838 840 1901 ἐστιν
874 1837 890 1921 r}
916 1835 1103 1921 ἀνατροφή,
1136 1836 1166 1900 εἰ
1196 1837 1230 1900 ἐν
1260 1839 1441 1920 βασιλείοις
1473 1840 1546 1903 eire-

373 1947 496 2032 τροὲςιη,
521 1943 551 2008 εἰ
573 1944 763 2029 ἁλουργίδες
786 1944 828 2007 τὰ
853 1944 1041 2028 σπάργανα,
1073 1941 1103 2006 εἰ
1125 1943 1159 2006 ἐκ
1184 1944 1315 2028 πρώτης
1338 1945 1486 2034 βλάστης
1511 1947 1546 2010 εἰν

372 2053 555 2135 βασιλικοῖς
579 2035 750 2138 ἀνετράφη
773 2050 909 2124 κόλποις
940 2051 1101 2117 rationem
1126 2051 1281 2118 habuisse
1312 2052 1346 2117 in
1370 2058 1544 2136 propatulo

373 2165 434 2226 est.
481 2161 632 2225 Addendi
657 2166 735 2225 sunt
759 2179 812 2226 vv.
837 2165 977 2239 22-38‚
1000 2159 1033 2224 in
1059 2159 1175 2240 quibus
1198 2165 1298 2241 poeta
1321 2158 1383 2244 apr
1406 2160 1546 2245 a‘oarpo·

373 2266 440 2351 φήν
464 2267 650 2333 describere
673 2266 793 2350 pergit.
838 2266 1033 2348 Interpositi
1057 2273 1134 2332 sunt
1158 2267 1191 2333 hi
1215 2287 1347 2335 versus:

507 2376 553 2440 Te
577 2381 737 2440 nascente
761 2374 855 2440 ieron
879 2380 950 2439 toto
975 2366 1153 2440 Germania
1178 2377 1291 2442 Rheno

504 2483 679 2548 Intremuit
703 2481 870 2562 movitque
895 2501 973 2548 suas
998 2482 1171 2548 formidine
1195 2482 1299 2549 silvas

506 2589 673 2654 Caucasus
698 2593 731 2654 et
754 2588 872 2670 positis
896 2608 1013 2654 numen
1039 2589 1193 2654 confessa
1217 2591 1383 2670 pharetris

504 2697 651 2779 Ignavae
676 2696 787 2761 Meroe
812 2694 917 2761 traxit
942 2696 982 2761 de
1007 2695 1096 2761 crine
1121 2694 1277 2777 sagittas.

460 2804 530 2869 Hos
555 2821 823 2884 quoqueversus
856 2821 927 2868 curn
952 2802 1134 2867 Menandro
1160 2821 1223 2868 non
1249 2801 1426 2866 dissentire
1450 2820 1541 2866 nemo

371 2930 436 2975 non
460 2909 599 2990 videbit,
632 2909 686 2990 qui
709 2909 831 2991 legerit
862 2910 923 2974 hoc
947 2915 1156 2991 praeceptum
1183 2909 1272 2994 (pag.
1298 2907 1393 2992 371):
1426 2905 1543 2971 οὐκοῦν

370 3016 455 3080 ἐ’στοι
479 3037 532 3080 σοι
556 3014 640 3098 μετὰ
664 3015 725 3099 τὴν
749 3017 898 3099 πατρίδα
920 3016 975 3078 καὶ
1006 3015 1089 3096 μετὰ
1114 3014 1151 3077 τὸ
1185 3016 1277 3097 γένος
1301 3019 1414 3097 τρίτον
1444 3016 1544 3098 κεφά-

370 3126 464 3191 λαιον
487 3123 524 3188 τὸ
549 3125 627 3207 περὶ
651 3128 709 3208 τῆς
731 3123 895 3204 γενέσεως,
920 3122 961 3196 ὥς
985 3118 1124 3206 ἔφαμεν,
1151 3121 1226 3185 εἴτι
1244 3122 1413 3206 σύμβολον
1436 3122 1544 3203 γέγονε

370 3233 448 3315 περὶ
471 3231 530 3294 τὸν
553 3231 661 3296 τόκον.

457 3339 570 3419 Neque
601 3356 666 3403 non
697 3338 897 3403 Claudianus
929 3337 962 3400 in
993 3336 1145 3403 versibus
1176 3341 1320 3416 39-62,
1351 3336 1384 3400 in
1417 3335 1543 3414 quibua,

370 3445 528 3526 quomodo
553 3444 720 3510 Honorius
745 3445 904 3510 educatus
936 3443 980 3507 sit
1006 3448 1039 3507 et
1064 3441 1163 3507 armis
1188 3443 1368 3521 exercitus
1399 3444 1543 3519 enarrat,

369 3553 451 3616 haec
481 3557 660 3633 praecepta
692 3549 899 3616 observavit:
937 3547 1088 3636 ζητήσεις
1119 3546 1180 3632 τήν
1212 3550 1370 3612 παιδείαν
1402 3551 1436 3611 et
1468 3564 1543 3610 mox

370 3655 429 3720 ab
446 3654 475 3721 δ’
492 3654 527 3720 ἐν
542 3655 662 3742 μελέτῃ
687 3654 843 3736 πολέμοιο
866 3656 921 3718 καὶ
939 3647 1062 3732 ὅπλων,
1087 3657 1186 3716 τοῦτο
1204 3653 1403 3734 θαυμάσεις.
1441 3652 1540 3716 Prae-

369 3768 462 3829 terea
493 3762 527 3826 hi
559 3763 622 3827 duo
654 3762 718 3827 loci
749 3780 822 3826 mea
854 3760 982 3842 quidem
1016 3759 1183 3825 sententia
1216 3765 1411 3842 congruunt.
1457 3759 1542 3822 Men.

368 3888 443 3951 pag.
469 3874 549 3935 372:
582 3861 632 3931 ὅτι
656 3870 784 3941 δι’κοιιος
806 3865 933 3950 ἐγένετο
964 3862 985 3948 ἢ
1011 3866 1151 3951 σώφρων
1184 3865 1219 3929 ἐν
1242 3871 1283 3952 τῇ
1308 3865 1447 3952 νεότητι.
1496 3863 1543 3928 Ol.

371 3995 401 4042 v.
427 3974 523 4058 aare:

501 4083 674 4162 Tantaque
698 4099 733 4146 se
757 4079 891 4145 rudibus
915 4079 1023 4161 pietas
1048 4079 1195 4144 ostendit
1218 4077 1253 4142 in
1278 4075 1384 4156 annia,

502 4188 556 4255 Sic
580 4194 675 4254 aetas
699 4186 807 4252 animo
833 4187 944 4252 cessit.
