3352 4996
678 429 898 490 „25-

202 623 409 706 praefatione
440 643 512 689 oum
545 623 611 687 alia
643 628 711 687 tum
743 623 825 686 llaec
856 620 1018 702 praecipit
1051 640 1079 701 p.
1103 623 1185 683 400:
1212 613 1305 680 Ἔστι
1337 618 1377 679 δι’

203 755 317 798 ποτε.
374 732 460 798 ,καὶ
492 727 562 792 ἀπὸ
595 728 793 815 διηγήματος
826 724 1063 809 ἄρξασθαι..
1090 716 1194 792 ,οἷον
1219 740 1247 786 ει
1240 721 1374 805 λέγοις

267 831 349 904 ,ότι
378 837 510 923 Πηλέως
542 839 725 939 γαμοῦντος
757 837 915 918 παρῐσον
949 830 1010 914 μὲν
1043 854 1192 903 απαντες
1225 829 1257 892 οἱ
1285 828 1375 906 θεοὶ,

205 949 383 1027 προσῇσαν
407 943 445 1006 δὲ
470 946 619 1006 Μοῦσαι.
651 942 708 1002 καὶ
733 939 790 1001 οἰκ
813 938 926 1023 ἠμέλει
949 942 1015 1002 τοῖν
1038 938 1215 1020 παρόντων
1238 929 1375 1007 ’ἕκαστος

203 1049 400 1131 πρέπουσαν
431 1049 521 1113 ariaci
553 1048 681 1133 δωρεὰν
712 1048 915 1129 χαρίζεσθαι
945 1050 997 1108 noi
1027 1045 1136 1128 γάμῳ·
1165 1040 1283 1105 dll’d
1315 1039 1376 1122 μὲν

202 1157 316 1220 ἐδίδου
341 1159 442 1239 δῶρα,
470 1155 486 1218 ὁ
512 1154 550 1219 δὲ·
575 1153 714 1242 talpam
739 1154 853 1235 λύραν,
879 1153 915 1216 αἱ
934 1151 971 1216 δὲ
997 1149 1131 1238 ηὔλουν,
1157 1149 1193 1213 αἱ
1216 1147 1252 1213 δὲ
1278 1143 1373 1235 ᾖδον,

196 1262 314 1346 Ἑρμῆς
349 1261 387 1326 δὲ
423 1263 577 1348 ἐκήρυττε
612 1261 671 1326 τὸν
706 1261 875 1344 ὑμέναιον.
933 1261 1011 1327 Cum
1047 1262 1108 1326 hoo
1142 1258 1311 1342 proposito
1347 1257 1376 1322 si

202 1370 374 1436 Claudiani
405 1371 644 1452 praefationem
676 1370 765 1436 illius
795 1368 949 1434 carminis
981 1368 1068 1449 quod
1092 1366 1285 1432 inscribitur
1309 1365 1375 1447 epi-

203 1478 394 1543 thalamium
419 1479 458 1544 de
482 1478 606 1560 nuptiis
630 1478 769 1543 Honorii
798 1475 1111 1559 comparaverimus,
1144 1493 1215 1540 eum
1239 1491 1375 1555 prorsus

201 1585 286 1650 idem
322 1604 422 1666 agere
460 1585 559 1650 facile
597 1583 829 1668 intelligemus.
887 1584 968 1648 Nam
1006 1588 1235 1664 argumentum
1269 1579 1376 1662 ipsum

201 1692 419 1776 praefationis
455 1712 475 1757 a
510 1693 692 1757 Menandro
728 1691 899 1773 repetivit,
939 1709 1010 1755 cum
1045 1689 1179 1772 nuptias
1215 1688 1306 1754 Pelei
1342 1692 1376 1752 et

200 1802 285 1866 unet
286 1799 349 1864 idis
384 1805 526 1865 enarret.
582 1800 685 1864 Praei
670 1803 763 1864 terea
798 1798 898 1864 etiam
936 1798 969 1863 in
1005 1797 1145 1881 singulis
1179 1797 1277 1861 rebus
1313 1795 1374 1871 de-

202 1907 384 1974 scribendis
408 1925 480 1972 eum
505 1911 598 1972 secut
599 1925 637 1972 us
662 1911 724 1973 est.
700 1906 980 1971 tCoucordant
1005 1905 1090 1970 enim
1114 1904 1147 1969 hi
1166 1903 1246 1969 loci:
1272 1926 1307 1965 αι
1298 1901 1375 1965 δε

201 2008 319 2100 fidon:
351 2013 553 2099 carmina
583 2033 645 2079 nec
677 2013 804 2094 superis
836 2032 896 2079 neo
929 2012 1125 2096 displicuere
1157 2008 1310 2076 Tonanti
1342 2016 1375 2074 et
1418 2087 1421 2092 ¹

205 2120 221 2184 ὁ
240 2119 277 2185 δὲ
295 2117 436 2207 ’ἑπληττε
453 2119 514 2204 τήν
530 2119 676 2202 talpae:
701 2121 791 2204 [lum
809 2120 961 2186 Phoebus
979 2173 985 2186 .
1004 2173 1010 2185 .
1028 2172 1034 2186 .
1050 2118 1182 2202 pectine
1198 2116 1376 2199 temptavit

201 2228 360 2295 nobiliore
384 2226 538 2310 lyram’
576 2227 693 2309 Pergit
710 2228 906 2292 Menander:
932 2225 975 2289 cd
1001 2225 1038 2289 δὲ
1053 2224 1138 2308 μετὰ
1154 2222 1196 2287 τὰ
1214 2227 1375 2304 προοίμια

202 2333 288 2398 ἴστω
313 2337 389 2416 περὶ
412 2339 473 2398 τοῦ
495 2339 582 2398 θεοῦ
602 2338 662 2398 τοῦ
681 2335 787 2417 γάμον
803 2334 906 2415 λόγος.
946 2333 1108 2399 Addeuda
1132 2337 1209 2398 suni
1234 2349 1317 2412 quae
1341 2330 1374 2394 in

202 2447 350 2506 extrema
374 2441 517 2507 eiusdem
543 2441 662 2523 capitis
686 2447 782 2522 parte
807 2441 925 2507 adicit:
952 2439 1075 2514 ἐξέστω
1100 2438 1137 2502 δέ
1159 2434 1376 2501 coincidunt

204 2551 263 2611 τοῦ
286 2547 392 2629 γάμον
415 2543 521 2628 ἔρωτα
553 2546 717 2630 ἐκφράσαι
748 2543 768 2633 ἢ
798 2547 833 2610 ἒν
858 2546 943 2634 ἀρχῇ
970 2550 1030 2610 τοῦ
1054 2544 1152 2628 λόγον
1176 2540 1195 2629 ἢ
1220 2541 1306 2624 πρὸς
1329 2545 1376 2622 τῷ

203 2650 298 2719 τέλει.
336 2653 428 2737 Quae
444 2661 621 2737 praecepta
638 2655 853 2721 Claudianum
874 2655 1083 2721 coniunxisse
1100 2653 1257 2720 videmus.
1292 2651 1375 2714 Nam

201 2760 235 2825 in
266 2761 371 2843 prima
401 2767 498 2844 parte
533 2762 686 2828 carminis
718 2763 877 2828 describit
908 2764 1082 2842 Venerem,
1119 2762 1212 2826 deam
1245 2756 1374 2822 amoris.

202 2869 274 2951 Qua
298 2869 331 2935 in
356 2868 576 2951 descriptione
602 2889 718 2935 versus
743 2870 831 2935 eius:

334 2977 461 3043 Vivnnt
483 2978 517 3040 in
541 2977 701 3042 Venerem
727 2977 860 3042 frondes
886 2977 1053 3066 omnisque
1080 2974 1225 3042 vicissim

336 3083 431 3149 Felix
455 3085 554 3148 arbor
578 3088 684 3164 amat;
709 3089 831 3149 nutant
855 3085 897 3149 ad
921 3089 1035 3149 mutua
1058 3084 1187 3165 palmae

336 3191 494 3270 Foedera,
518 3191 656 3272 populeo
682 3191 829 3272 suspirat
852 3192 991 3273 populus
1015 3190 1086 3255 ictu

335 3297 381 3362 Et
404 3297 532 3378 platani
556 3296 703 3378 platanis
728 3298 867 3377 alnoque
892 3297 1050 3362 adsibilat
1074 3297 1169 3362 alnus

202 3409 388 3488 congruunt
414 3423 485 3469 cum
509 3403 549 3467 iis
575 3423 658 3484 qnae
683 3405 864 3471 Menander
887 3404 968 3470 dicit
993 3405 1083 3487 (pag.
1107 3402 1205 3487 4oa):
1235 3401 1313 3482 περὶ
1337 3402 1375 3463 δε

203 3511 349 3595 δένδρων
372 3509 465 3596 ἐρεῖς,
492 3503 542 3573 ὅτι
565 3509 700 3574 κοῗκεΐνα
725 3511 782 3574 οὐκ
806 3507 930 3594 ἄμοιρα
947 3512 1068 3593 γάμων.
1109 3509 1264 3591 Sequitur
1288 3508 1375 3590 apud

203 3618 417 3683 Menandrum
435 3617 487 3683 hio
503 3619 611 3683 locus:
631 3616 717 3698 μετὰ
734 3617 794 3681 τδν
811 3619 965 3699 περὶτοῦ
980 3619 1085 3699 γάμον
1101 3617 1206 3698 λόγον,
1225 3614 1259 3678 ἒν
1275 3605 1300 3696 ᾧ
1316 3612 1376 3676 τὸν

203 3723 286 3788 θεὸν
310 3718 469 3810 δμνησας,
497 3718 588 3808 ἥξεις
614 3723 670 3787 ἐπὶ
697 3723 740 3786 τὰ
764 3729 830 3788 τοῖν
852 3725 1043 3806 γαμούντων
1067 3722 1215 3805 ἐγκώμια.
1262 3722 1374 3786 Etiam

202 3833 263 3897 lroc
286 3836 497 3913 praeceptum
523 3851 543 3895 a
566 3835 665 3912 poeta
690 3833 902 3897 observatum
927 3831 1085 3897 videmus,
1131 3830 1265 3895 Laudat
1289 3827 1374 3893 enim

202 3958 272 4004 cum
303 3957 450 4003 socerum
475 3937 614 4003 Honorii
645 3936 714 4023 (vv.
739 3938 907 4021 300—41)
940 3944 974 4003 et
1006 3957 1133 4004 socrum
1166 3933 1373 4020 (atu—250)

202 4052 270 4110 tum
295 4063 448 4127 sponsam
474 4043 690 4129 (nuo-281).
736 4046 918 4111 Praeterea
949 4047 1011 4111 lrao
1035 4044 1209 4109 Menandri
1240 4043 1373 4126 regula:
1416 4031 1419 4036 ’

203 4151 347 4215 δυνατὸν
371 4151 407 4215 δὲ
424 4152 478 4214 καὶ
496 4150 567 4237 ι’δίρι
582 4152 637 4214 καὶ
654 4154 750 4234 χωρὶς
773 4151 917 4214 ἑκάστου
941 4151 1133 4233 διελόμενον
1157 4151 1217 4213 τὸν
1233 4145 1374 4212 ἐ’τταινον

198 4257 372 4321 ἐπαινεῖν·
395 4257 514 4332 κάλλος
538 4257 575 4322 δὲ
593 4257 672 4341 παρ’
689 4257 815 4342 ἀμᾳοῐν
838 4257 924 4319 κατὰ
941 4256 1157 4332 ἀντεξέτασιν
1172 4259 1205 4322 in
1223 4256 1373 4323 versibus
