3352 4996
712 407 910 466 ..9-

225 616 284 662 rex
298 574 568 679 potentissimus,
592 595 726 677 pedicas
747 595 829 677 jecit
853 613 971 660 aureas
996 595 1029 658 in
1046 593 1252 675 profundum,
1276 594 1397 675 Neptu-

133 705 135 710 ’
226 723 301 770 num
326 724 362 770 se
386 703 544 776 dictitans
569 704 717 786 alligare,
742 703 819 784 quia
839 702 993 769 fluctibus
1016 702 1189 768 ferociret:
1214 700 1319 766 stulta
1343 700 1398 765 ille

223 811 389 896 jactantia
400 855 401 860 κ
414 816 448 876 et
466 811 631 893 sacrilega
651 809 813 876 vanitate’
838 816 872 876 et
895 809 928 875 in
945 809 1040 874 initio
1058 809 1178 892 capitis
1195 809 1291 875 XIV:
1316 809 1398 892 ιΗοο

226 921 298 985 loco
324 919 416 985 venit
447 919 480 984 in
504 923 646 984 mentem
669 917 748 983 mihi
773 937 869 999 quam
894 916 1039 983 delicata
1062 917 1192 982 illorum
1215 915 1398 998 principum

227 1027 327 1093 fuerit
358 1026 390 1091 in
416 1025 679 1092 administranda
710 1025 879 1108 republica
903 1031 937 1090 et
961 1024 1175 1106 adipiscenda
1206 1023 1303 1088 laude
1327 1022 1398 1088 seii-

227 1135 325 1214 oitas‚
358 1133 476 1214 quibus
499 1133 623 1198 Rornae
651 1132 850 1214 degentibus
879 1131 1035 1214 triumphi
1067 1136 1101 1196 et
1125 1129 1320 1214 cognomina
1344 1129 1397 1195 de·

226 1242 389 1309 victarum
414 1260 434 1304 a
458 1240 595 1306 ducibus
621 1239 689 1306 suis
714 1238 861 1322 gentium
885 1235 1135 1321 proveniebant'
1160 1257 1226 1320 eqs

314 1350 400 1415 Men.
424 1368 455 1430 p.
481 1353 561 1412 373:
595 1346 793 1429 ὁιαγράψεις
822 1344 859 1409 δὲ
894 1343 928 1407 ἓν
959 1349 1031 1418 ταῖς
1062 1346 1207 1428 πράξεσι
1237 1345 1310 1417 ταῖς
1340 1347 1400 1405 τοῦ

226 1456 376 1536 πολέμου
406 1455 462 1516 καὶ
493 1454 609 1537 φύσεις
640 1453 695 1515 καὶ
726 1452 841 1526 θέσεις
873 1458 1009 1535 χωρίων,
1044 1450 1078 1514 ἐν
1116 1442 1164 1524 οἷς
1188 1451 1220 1514 οἱ
1243 1449 1398 1531 πόλεμοι.

228 1562 375 1646 Quocum
399 1561 552 1627 conferas
576 1565 676 1642 caput
700 1561 790 1626 VIII.

314 1670 401 1734 Men.
425 1687 500 1750 pag.
525 1673 605 1733 377:
637 1665 674 1729 οὐ
699 1668 896 1748 δεδοίκαμεν
919 1666 1123 1750 βαρβάρους,
1149 1666 1187 1729 ori
1211 1665 1399 1748 πολεμίους.

227 1778 298 1843 Ηοο
321 1776 470 1859 pluribus
495 1775 670 1855 exponitur
692 1774 727 1840 in
751 1775 860 1856 capite
884 1775 960 1840 XX.

314 1883 391 1949 Alia
415 1883 588 1950 Menandri
620 1888 798 1966 praecepta
830 1882 892 1949 sibi
924 1883 1089 1950 servanda
1120 1881 1252 1964 putavit
1283 1881 1312 1945 is
1343 1880 1399 1960 qui

224 1991 459 2075 panegyricum
485 1991 703 2058 Constantino
729 1993 880 2073 Augusto
913 1991 1036 2055 dictum
1068 1987 1213 2070 scripsit.
1258 1989 1341 2056 Nam
1365 1986 1398 2051 in

226 2099 390 2181 capitibus
421 2101 464 2178 H,
492 2101 530 2179 V,
559 2100 614 2178 VI,
644 2099 704 2163 VII
734 2103 863 2179 patrem
897 2096 1122 2176 Constantini,
1159 2093 1399 2172 Constantium,

225 2206 377 2272 laudibus
402 2206 534 2272 summis
559 2206 695 2271 decorat
716 2207 777 2269 hoc
798 2211 932 2270 secutus
957 2207 1186 2286 praeceptum:
1216 2191 1400 2284 θεωρήσεις

226 2313 262 2375 δὲ
297 2311 416 2392 πάλιν,
450 2312 595 2391 πότερον
625 2308 765 2385 ’ἔνδοξον
797 2310 902 2374 αὐτοῦ
932 2309 970 2372 τὸ
1001 2310 1092 2392 γένος
1119 2305 1140 2393 ἢ
1171 2305 1226 2370 od·
1250 2305 1316 2370 κάν
1339 2305 1400 2387 μὲν

186 2429 193 2444 ’
224 2416 365 2493 ’ἔνδοξον
395 2411 428 2504 ᾗ,
460 2418 621 2504 ἐξεργάσῃ
652 2417 694 2481 τά
728 2419 806 2499 περὶ
837 2418 965 2483 τούτου.
1017 2416 1128 2500 Quid?
1165 2415 1194 2480 si
1224 2415 1259 2480 in
1291 2414 1400 2496 eapite

225 2527 331 2591 altero
355 2528 437 2591 haec
461 2527 564 2592 verba
587 2525 742 2608 legimus:
775 2526 878 2610 ‘Inter
902 2543 1021 2604 omnes,
1045 2524 1187 2604 inquam,
1219 2522 1399 2606 participes

226 2632 415 2715 majestatis
450 2637 529 2698 tuac
560 2634 621 2698 hoc
652 2634 769 2712 habes
805 2632 1037 2712 Constantine,
1071 2631 1282 2713 praecipuum
1314 2629 1398 2710 quod

224 2739 404 2822 imperator
420 2744 513 2804 ortus
530 2738 575 2804 es’
592 2745 626 2804 et
642 2757 717 2804 mox
730 2739 906 2823 ‘imperium
923 2739 1089 2804 nascendo
1106 2735 1275 2817 mernisti‚'
1292 2755 1399 2801 nonne

223 2847 396 2913 evidenter
424 2866 442 2912 e
466 2846 648 2912 Menandro
672 2846 793 2928 pendet
823 2846 878 2926 qui
903 2845 984 2911 dicit
1014 2844 1104 2929 (pag.
1131 2842 1227 2928 371);
1259 2843 1338 2928 ἑξῆς
1362 2842 1399 2906 δὲ

222 2953 408 3038 κεφάλαιόν
439 2952 531 3016 ἐστιν
562 2952 580 3036 ἦ
614 2951 801 3036 άτατροφη,
835 2951 864 3015 εἰ
894 2951 929 3016 ἐν
953 2951 1135 3035 βασιλείοις
1160 2950 1342 3036 ἀνετράφη,
1368 2947 1398 3011 εἰ

225 3058 416 3141 ἁλουργίδες
440 3061 483 3122 τά
508 3060 697 3142 σπάργανα,
723 3057 753 3122 εἰ
775 3058 809 3122 ἐκ
833 3060 964 3146 πρώτης
986 3059 1134 3144 βλάστης
1158 3057 1193 3120 ἐν
1216 3056 1400 3141 βασιλικοῖς

225 3164 396 3251 ἀνετράφη
419 3165 565 3239 κόλποις.
609 3167 681 3230 Νοο
706 3167 810 3248 igitur
838 3167 969 3247 mirum,
1003 3166 1031 3231 si
1055 3165 1153 3230 etiam
1184 3167 1265 3230 haec
1289 3183 1307 3229 e
1331 3165 1398 3228 Me-

222 3273 349 3338 nandro
381 3273 590 3355 deprompsit.
649 3274 735 3340 Men.
767 3273 857 3358 (pag.
883 3272 979 3358 374):
1016 3272 1101 3354 μετὰ
1133 3271 1171 3335 τὸ
1203 3270 1300 3344 τέλος
1334 3275 1400 3332 τῶν

223 3379 381 3464 πράξεων
404 3375 425 3465 ἢ
448 3381 503 3443 καὶ
527 3379 611 3461 πρὸς
635 3384 681 3463 τῷ
703 3379 790 3443 τέλει
813 3385 879 3443 τῶν
903 3377 1057 3460 πράξεων
1082 3379 1165 3461 ἐρεῖς
1188 3402 1219 3442 τι
1241 3380 1297 3442 καὶ
1321 3379 1399 3458 περὶ

223 3491 334 3572 τρίτης
357 3485 484 3571 ἀρετῆς,
508 3486 588 3569 λέγω
615 3486 655 3570 δη
682 3492 740 3572 τῆς
764 3488 1030 3570 peramanter.
1070 3486 1266 3566 Constantii,
1291 3487 1397 3569 patris

225 3591 448 3672 Constantini,
480 3594 705 3660 misericordia
728 3593 941 3676 praedicatur
964 3594 996 3658 in
1023 3595 1131 3676 capite
1157 3600 1262 3674 sexto,
1294 3593 1398 3675 ipsius

224 3698 434 3765 Constantini
470 3701 644 3767 clementia
679 3722 737 3784 per
773 3705 879 3766 totum
916 3707 1016 3782 caput
1053 3701 1253 3767 vicesimum.
1312 3701 1397 3766 Men.

224 3803 314 3888 (pag.
340 3805 436 3890 370):
473 3806 592 3871 πολλοὶ
623 3812 669 3889 τῷ
699 3807 760 3889 μὲν
796 3808 906 3870 δοκεῖν
938 3805 974 3881 ἐξ
1010 3807 1203 3890 ἀνθρώπων
1240 3805 1322 3886 εἰσί,
1359 3811 1400 3891 τῇ

226 3911 256 3976 δ’
280 3911 428 3999 ἀληθείᾳ
460 3913 575 3995 παρά
600 3919 674 3978 τοῦ
697 3917 805 3977 θεοῦ
832 3913 1097 3996 πέμπονται.
1144 3915 1212 3980 Ino.
1237 3934 1307 3997 cap.
1331 3915 1397 3980 IX:

223 4024 267 4104 ‘et
282 4020 360 4086 inde
382 4020 517 4104 propius
543 4041 563 4085 a
587 4021 646 4086 dis
670 4021 845 4086 mittitur
868 4020 1056 4103 imperator,
1082 4022 1136 4086 ubi
1152 4025 1244 4086 terra
1267 4020 1399 4088 finitur!

315 4129 497 4195 Praeterea
520 4135 732 4210 praeceptum
764 4129 803 4194 de
828 4128 1074 4210 comparatione
1103 4129 1216 4194 datum
1247 4128 1399 4194 adhibuit

225 4234 366 4316 scriptor
389 4235 424 4299 in
441 4234 551 4317 capite
566 4235 660 4314 XHI,
684 4234 739 4300 ubi
764 4235 844 4300 haec
869 4233 994 4316 scripta
1019 4240 1112 4300 sunt:
1137 4234 1296 4319 ‘iunxerit
1320 4234 1398 4301 licet
