3352 4996
784 369 1004 427 *43-

392 557 505 622 Olaud.
530 558 570 622 de
594 562 712 638 quarto
737 575 825 622 cons.
849 557 934 621 Hon.
959 576 1012 622 vv.
1037 560 1101 620 284
1126 574 1209 636 seq.:

436 665 550 729 Nonne
576 664 678 744 video,
702 683 835 747 operum
859 664 945 744 quod
970 683 1005 728 se
1029 662 1265 745 pulcherrimus
1289 662 1360 745 ipse

438 772 581 836 Mundus
606 790 715 836 amore
740 770 832 854 liget,
856 790 917 840 neo
940 770 974 836 vi
998 789 1124 836 conexu
1146 789 1205 852 per
1229 789 1345 836 aevum

438 878 634 960 Conspirent
658 879 821 943 elementa
845 877 932 943 sibi?
957 878 1043 958 quod
1066 877 1170 942 limite
1193 878 1344 943 Phoebus

439 987 621 1051 Contentus
646 985 751 1052 medio
776 1038 783 1051 .
809 1037 814 1051 .
840 985 872 1051 ..9

392 1115 654 1203 Synesius¹)
694 1120 772 1200 περὶ
810 1118 982 1200 βασιλείας
1021 1139 1091 1201 oap.
1128 1124 1164 1184 5:
1210 1117 1280 1180 ἀλλ’
1320 1118 1378 1181 ἐπὶ
1418 1119 1479 1182 δύο

303 1227 481 1308 τυράννους
506 1224 617 1289 &iunio
640 1227 695 1287 καὶ
719 1221 819 1308 ἄμφω
842 1225 963 1308 βαλών.

392 1361 504 1426 Claud.
530 1361 570 1425 de
593 1362 649 1426 IV.
675 1380 762 1426 cons.
788 1361 872 1426 Hou.
897 1380 927 1427 v.
954 1367 995 1426 70
1020 1379 1102 1442 seo:

821 1471 865 1533 At
889 1487 952 1533 non
977 1488 1055 1551 pars
1080 1470 1187 1533 altera
1209 1487 1317 1533 rerum

435 1575 591 1640 Tradita:
617 1574 667 1639 bis
690 1593 847 1656 possessa
870 1594 978 1655 manu,
1003 1576 1053 1640 bis
1077 1581 1176 1656 parta
1200 1574 1340 1656 perioliu

437 1683 500 1747 Per
523 1681 651 1747 verium
675 1681 797 1764 gemini
822 1682 930 1747 scelus
955 1701 1091 1763 erupere
1116 1681 1259 1763 tyranni.

393 1816 508 1897 SyneS.
526 1817 545 1882 l.
564 1817 583 1881 l.
601 1836 626 1880 o.
644 1821 680 1880 4:
706 1815 768 1902 Εἴη
786 1817 840 1878 σοι
865 1814 902 1877 τὸ
927 1815 1115 1897 βασιλεύειν
1138 1815 1242 1900 ταύτῃ
1268 1817 1400 1897 σεμνόν,
1426 1807 1477 1880 ὅτι

302 1923 363 2006 τὴν
388 1921 509 2006 ἀρετήν
537 1921 698 2004 έγύμνασε
721 1923 780 1984 καὶ
805 1922 979 2005 προήγαγε,
1006 1923 1165 2008 δεομένην
1181 1915 1259 2008 ὅλης
1276 1921 1477 2010 ἀποχρώσης

305 2027 410 2111 οἰκείῳ
428 2030 574 2110 μεγέθει,
599 2029 654 2090 καὶ
673 2028 729 2091 οὐκ
746 2024 788 2090 dv
804 2032 1018 2114 χοιρηθεῖσαν
1042 2027 1077 2090 έν
1100 2027 1268 2093 ὑποθέσει
1291 2033 1367 2114 βίον
1383 2035 1477 2112 βασι-

301 2134 391 2208 λείας
416 2134 577 2203 ἐλάττονι.

393 2261 505 2326 Claud.
529 2262 549 2325 l.
573 2261 594 2326 l.
619 2280 671 2328 vv.
698 2267 867 2326 uuo-24:

657 2368 790 2434 Virtute
814 2369 918 2449 decet,
943 2387 1007 2433 non
1032 2368 1193 2451 sauguine
1218 2368 1289 2433 niti.

435 2475 542 2540 Maior
566 2484 600 2540 et
624 2475 736 2540 utilior
760 2475 831 2541 fato
856 2477 1032 2559 oonJunota
1055 2476 1193 2558 potenti,

435 2583 509 2648 Vile
533 2583 643 2648 latens
667 2582 784 2649 virtus,
832 2582 916 2665 Quid
942 2582 1052 2648 eninr?
1077 2585 1248 2648 submersu
1271 2582 1419 2650 tenebris

434 2689 587 2754 Proderit
612 2691 749 2755 obscuro
774 2690 879 2756 veluti
904 2690 975 2755 sine
998 2691 1131 2772 remige¹
1146 2689 1263 2773 puppis

436 2798 496 2862 Vel
520 2798 594 2878 lyra
619 2816 702 2877 quae
727 2797 847 2862 reticet
870 2799 922 2862 vel
948 2798 1001 2879 qui
1026 2817 1090 2862 non
1115 2798 1262 2863 tenditur
1286 2795 1408 2866 arcus?

391 2931 506 3012 Syrtes,
533 2951 558 2995 e.
586 2937 642 2995 11;
679 2927 786 2993 Τοῦτό
817 2954 868 2994 τοι
893 2935 1025 3012 πρῶτον
1052 2932 1107 2993 καὶ
1132 2931 1267 3014 σφόδρα
1290 2929 1475 3015 βασιλικόν,

305 3037 408 3100 αὐτὸν
433 3038 554 3099 ἑαυτοῦ
577 3037 842 3118 βασιλεύειν...
866 3039 921 3100 καὶ
944 3035 987 3118 με)
1013 3041 1145 3120 κρατεῖν
1169 3037 1328 3112 ἀξιοῦντα
1354 3035 1476 3100 πολλα-

304 3149 484 3225 κισμορίοιν
509 3142 715 3226 ἀνθρώπιον,
749 3141 865 3206 iniri-a
890 3143 991 3208 αὐτὸν
1023 3144 1143 3208 δοῦλον
1174 3137 1259 3208 εἶναι
1290 3145 1477 3208 δεσποινοῖν

301 3249 492 3331 αἰσχίστων,
518 3249 639 3333 ἡδονῆς
663 3251 718 3312 καὶ
744 3249 851 3335 λύπης
874 3253 929 3314 καὶ
955 3243 1029 3314 ὅσοι
1055 3251 1204 3333 σίιγγονοι
1228 3255 1331 3334 θῆρες
1356 3248 1475 3312 ἐνδιαι-

300 3361 421 3418 ιόἳνσαι
445 3362 491 3438 τῷ
516 3357 595 3438 Ceio).

391 3481 503 3548 Olaud.
528 3483 548 3548 l.
573 3484 592 3548 1.
617 3503 670 3549 vv.
696 3488 864 3549 257-62:

435 3590 484 3652 'Pu
508 3589 586 3654 lieet
611 3595 776 3656 extremos
800 3592 869 3656 lete
893 3591 1058 3657 dominere
1081 3612 1141 3674 per
1163 3592 1272 3670 Indue

433 3696 479 3760 Te
504 3697 629 3778 MeduS‚
654 3703 688 3762 te
712 3698 819 3763 mollis
844 3700 962 3778 Arabs,
987 3706 1020 3764 te
1046 3699 1142 3764 Seres
1168 3699 1323 3763 adorent:

390 3943 417 4012 1)
437 3947 503 4000 Cum
522 3947 635 4013 Syuesio
656 3946 800 4000 Claudiani
825 3948 944 4001 carmine
969 3949 1126 4016 oomperevi
1152 3949 1216 4017 quie
1241 3947 1329 4004 censio
1349 3963 1366 4002 u
1384 3947 1473 4002 Birtio

299 4035 328 4088 in
346 4035 415 4088 libro
442 4036 518 4091 eood.
539 4036 626 4103 Marp.
647 4036 712 4089 enni
730 4035 855 4090 LXXXV
880 4037 971 4091 allatis
997 4039 1063 4091 mihi
1088 4053 1246 4105 persuasum
1270 4043 1313 4092 est
1332 4036 1475 4105 Syuesium

300 4129 364 4178 ente
385 4124 529 4178 Claudiani
547 4125 743 4192 panegyricum
763 4127 796 4180 de
815 4126 862 4181 IV.
884 4143 956 4182 oons.
977 4127 1095 4180 Honorii
1116 4128 1218 4181 dietum
1239 4126 1392 4182 orationem
1411 4141 1473 4180 oon-

300 4229 449 4282 scrupolose.
