3352 4996
773 358 990 420 ..42-

381 546 492 613 Claud.
518 567 569 615 vv,
595 553 658 612 407
685 554 719 612 et
742 552 824 612 408:

425 655 536 737 Quem,
559 675 684 738 precor,
709 655 870 720 adfinem
894 654 1019 720 laribus
1044 655 1195 721 seiuncta
1218 661 1369 736 potestas

426 762 552 828 Exulat
575 763 810 844 imperiumque
835 762 903 828 suis
928 782 948 827 a
972 762 1105 828 sedibus
1130 761 1274 828 errat?

380 886 462 952 Plin.
489 906 514 952 ο.
540 894 597 952 61;

292 1029 342 1077 ι-
369 993 539 1075 utriusque
571 996 677 1061 adhuc
709 995 812 1061 oculis
846 995 944 1076 paulo
981 999 1058 1059 ante
1094 994 1220 1060 dimissi
1255 994 1366 1062 fasces
1397 997 1467 1061 ob-

292 1100 524 1168 errabant’

378 1227 491 1294 Claud.
516 1247 569 1294 vv.
593 1232 664 1292 444
688 1233 723 1293 11
745 1233 805 1293 45:

423 1334 539 1400 Tutior
563 1335 689 1400 auxilio
714 1337 848 1400 brumae
874 1334 951 1419 (quo
975 1335 1131 1418 gentibus
1155 1335 1221 1401 illis

424 1441 574 1508 Sidere
598 1443 752 1508 consueti
776 1443 870 1509 favet
893 1442 1104 1508 inclementia
1129 1440 1237 1527 caeli).

383 1566 466 1632 Plin.
491 1587 516 1633 c.
545 1573 604 1632 12:

291 1674 353 1757 ‘An
378 1675 521 1740 audeant
554 1675 609 1756 qui
633 1675 742 1742 sciant
773 1681 807 1741 te
839 1675 1009 1741 adsedisse
1038 1673 1251 1741 ferocissimis
1274 1675 1403 1758 populis
1429 1695 1466 1741 eo

291 1780 362 1863 ipso
387 1787 532 1863 tempore
549 1783 634 1864 quod
657 1783 888 1848 amicissimum
911 1783 987 1863 illis,
1012 1782 1241 1847 difficillimum
1266 1783 1370 1863 nobis,
1396 1803 1468 1849 cum

290 1889 464 1958 Danuvius
487 1891 577 1974 ripas
602 1892 678 1974 gelu
704 1891 813 1973 iungit
838 1892 1040 1971 duratusque
1065 1891 1172 1972 glacie
1196 1890 1348 1974 ingentia
1372 1897 1466 1974 tergo

291 1999 378 2062 bella
402 2003 626 2081 transportat,
660 2017 730 2063 cum
761 1998 853 2063 ferae
884 2004 1001 2082 gentes
1026 2016 1089 2061 non
1122 1997 1199 2063 telis
1231 1998 1338 2082 magis
1370 2018 1467 2079 quam

292 2125 349 2170 suo
376 2107 476 2186 caelo,
502 2125 560 2171 suo
585 2105 730 2170 sidere
755 2105 960 2172 armanturl’

379 2239 491 2306 Claud.
515 2260 568 2306 vv.
592 2244 657 2304 459
683 2258 768 2321 seq:

424 2346 531 2430 Quid
555 2347 570 2412 1
577 2347 754 2413 aceret?
779 2347 925 2412 differret
949 2347 1038 2413 iter?
1079 2347 1277 2412 Discrimina
1301 2349 1409 2414 nullas

423 2455 546 2520 Nostra
570 2455 697 2519 dabant
725 2454 877 2519 adeunda
899 2473 1017 2520 moras,
1065 2456 1295 2536 Pcrrumperet
1320 2455 1463 2538 agmen?

424 2561 488 2626 Sed
511 2561 626 2642 paucis
651 2561 829 2627 comitatus
854 2568 935 2627 erat.

379 2697 455 2761 Pac.
480 2716 506 2762 c.
532 2701 573 2760 38
598 2696 735 2760 eundem
759 2698 898 2762 colorem
923 2696 1072 2762 exhibet:

290 2839 343 2886 Γ·
367 2808 480 2885 repeto
504 2803 713 2868 Britanniam
737 2823 834 2884 quam
858 2803 999 2883 reliqui?
1031 2803 1128 2868 oredo
1152 2822 1203 2867 me
1227 2802 1383 2868 Galliae?
1408 2805 1464 2868 sed

289 2909 418 2976 invisus
442 2929 522 2975 sum.
568 2910 752 2991 Hispaniae
785 2909 977 2975 committo?
1012 2910 1069 2974 sed
1102 2915 1200 2975 notus
1232 2929 1311 2976 sum.
1359 2911 1466 2993 Quid

291 3035 369 3099 ergo
394 3016 411 3080 f
417 3017 551 3082 aoiam
576 3016 664 3082 inter
688 3037 779 3082 arma
803 3022 837 3082 et
861 3016 938 3082 odia
961 3015 1112 3082 medius?

379 3148 492 3215 Claud.
517 3169 570 3216 vv.
597 3155 660 3215 548
685 3156 719 3215 et
742 3155 801 3216 49:

424 3257 588 3322 Temnunt
611 3257 720 3340 prisca
745 3276 869 3323 senes
894 3263 928 3322 et
951 3257 985 3322 in
1008 3259 1095 3323 hunc
1118 3257 1181 3322 sibi
1204 3276 1362 3339 prospera
1386 3258 1449 3324 fati

424 3364 611 3430 Gratantur
635 3366 771 3430 durasse
796 3365 880 3430 diem
905 3363 957 3410 —'

378 3501 455 3565 Pac.
480 3519 506 3566 c.
531 3505 589 3565 37:

290 3607 383 3692 ‘Quid
409 3626 471 3691 ego
495 3606 635 3673 referam
662 3659 667 3671 .
693 3659 699 3672 .
725 3659 731 3672 .
756 3607 968 3690 gratulantes
993 3605 1088 3671 annis
1113 3605 1273 3672 senes?'

379 3742 492 3807 Claud.
517 3761 547 3807 v.
573 3745 653 3806 556:

424 3848 551 3931 Quique
575 3854 676 3931 neget
699 3856 788 3929 nato,
812 3867 980 3931 procerum
1007 3848 1091 3928 quod
1115 3854 1265 3930 praestet
1290 3849 1412 3916 honori.

378 3983 455 4049 Pac.
481 4001 506 4046 o.
533 3987 590 4047 16:

290 4088 413 4172 ‘amicis
447 4090 551 4154 honos
586 4087 720 4154 habitus
756 4093 808 4153 est
950 4107 1021 4153 curn
1057 4095 1170 4154 essent
1205 4089 1291 4154 domi
1325 4087 1393 4158 filii'
1429 4095 1462 4155 et

291 4214 316 4260 o.
345 4202 380 4260 17
408 4194 539 4279 ‘amicos
565 4195 614 4259 his
640 4196 699 4276 (sc.
723 4194 814 4278 filiis)
839 4194 1007 4277 praetulit,
1040 4214 1120 4275 quos
1146 4196 1208 4261 sibi
1231 4194 1462 4278 praeferebat!
