3352 4996
697 396 890 454 „5-

293 590 473 652 Praeterea
508 586 541 650 in
576 587 637 650 hoc
669 585 777 667 capite
812 585 846 649 hi
882 585 945 650 loci
980 605 1051 651 cum
1084 585 1265 651 Menandro
1302 604 1376 650 cou-

205 695 369 761 sentiunt:
409 693 681 778 ,Commemorabo
717 691 867 756 nimirum
906 692 1080 773 patriae
1119 698 1197 758 tuae
1236 691 1270 755 in
1309 710 1377 756 rem

204 801 368 883 publicam
391 799 535 866 merita?
582 799 663 882 Quis
687 798 772 863 enim
797 798 946 877 dubitat,
978 799 1056 880 quin
1079 797 1192 864 multis
1212 799 1280 881 jam
1305 817 1376 862 sae·

205 908 301 988 culis,
333 927 374 973 ex
405 926 467 988 quo
499 905 588 972 vires
616 905 705 971 illius
736 905 778 970 ad
801 905 983 972 Romanum
1015 924 1132 971 nomen
1164 905 1377 984 accesserint,

204 1015 306 1080 Italia
342 1014 471 1096 quidem
506 1013 551 1079 sit
586 1012 734 1096 gentium
769 1012 900 1079 domina
935 1012 1062 1096 gloriae
1097 1017 1282 1090 vetustate,
1319 1013 1377 1078 sed

204 1122 376 1188 Pannonia
399 1119 558 1188 virtuter
602 1121 686 1186 Men.
704 1139 733 1200 p.
751 1126 831 1201 369:
855 1117 940 1201 μετὰ
963 1117 1006 1181 τοὶ
1030 1124 1195 1201 προοίμια
1220 1117 1278 1181 ἐπὶ
1302 1117 1376 1201 τήν

205 1229 399 1310 πατρίδα
421 1222 518 1312 ήξεις.

293 1337 354 1420 ,An
386 1334 531 1402 divinam
562 1333 739 1418 generis
770 1333 834 1399 tui
866 1333 1025 1418 originem
1057 1335 1248 1413 recensebo,
1281 1352 1378 1414 quam

204 1448 242 1510 tu
271 1462 337 1507 non
365 1442 459 1507 modo
491 1441 592 1507 factis
623 1440 877 1521 immortalibus,
911 1442 968 1507 sed
1001 1440 1101 1507 etiam
1133 1440 1273 1506 nominis
1305 1459 1374 1506 suc·

205 1549 353 1615 cessione
385 1546 556 1613 testaris?
603 1548 689 1614 Meu.
712 1568 743 1629 p.
768 1553 849 1612 370:
881 1549 1067 1632 θεωρήσεις
1099 1544 1136 1610 δὲ
1170 1545 1284 1626 πάλιν,
1316 1546 1378 1610 πό-

203 1678 299 1738 τερον
325 1651 466 1729 ἔνδοξον
491 1653 596 1718 αὐτοῦ
620 1655 668 1717 τό
691 1653 816 1735 γένος
839 1649 859 1737 ή
886 1649 940 1716 οὔ·

294 1763 356 1846 ,An
380 1761 649 1842 quemadmodum
666 1762 826 1827 educatus
847 1761 1087 1842 institutusque
1110 1761 1156 1827 sis
1179 1760 1377 1843 praedicabo

205 1870 238 1934 in
258 1868 314 1935 illo
330 1867 444 1948 limite,
468 1868 526 1934 illa
542 1867 795 1933 fortissimarum
813 1868 891 1933 sede
908 1867 1081 1950 legionum,
1105 1867 1194 1934 inter
1210 1867 1378 1934 discursus

205 1983 361 2041 strenuae
388 1975 576 2058 Juventutis
608 1980 643 2040 et
667 1994 829 2040 armorum
861 1974 989 2039 sonitus
1021 1975 1088 2040 tuis
1120 1975 1290 2058 vagitibus
1323 1976 1377 2040 ob-

205 2088 392 2165 strepentes
403 2080 428 2146 δ’
477 2083 559 2147 Men.
584 2104 615 2165 p.
640 2087 720 2147 371:
753 2082 829 2166 ἑξῆς
854 2079 890 2145 δὲ
916 2079 1101 2164 κεφάλαιόν
1131 2081 1222 2144 ἐστιν
1253 2080 1272 2164 ἡ
1299 2080 1378 2144 ἀνα·

204 2188 310 2274 τροφή
336 2195 370 2255 et
394 2209 468 2254 mox
493 2190 643 2273 ζητήσεις
666 2187 727 2272 τήν
751 2189 918 2254 παιδειάν.

293 2298 354 2380 ,An
390 2302 466 2362 tuas
505 2315 559 2361 res
594 2302 710 2379 gestas
747 2314 939 2361 enumerare
975 2298 1118 2361 conabor
1153 2334 1196 2342 -
1231 2304 1265 2362 et
1299 2297 1379 2362 litus

206 2402 355 2470 oceani?'
402 2404 487 2468 Meu.
512 2424 541 2484 p.
567 2409 647 2467 372:
681 2400 874 2464 Ἀκολοοθεί
896 2407 1009 2465 τοίνυν
1038 2405 1107 2476 τοῖς
1139 2401 1380 2490 ἐπιτηδεύμασι

205 2509 326 2573 λοιπὸν
349 2509 366 2571 ὁ
392 2511 470 2594 περὶ
493 2513 558 2573 τῶν
582 2509 737 2590 πράξεων
760 2507 862 2588 λόγος.

295 2616 370 2700 ,Sed
394 2616 448 2698 qui
472 2616 554 2683 velit
577 2614 686 2681 omnia
709 2615 776 2680 ista
801 2617 986 2698 complecti,
1017 2617 1152 2683 saecula
1176 2617 1239 2682 sibi
1263 2623 1379 2700 optare

206 2724 304 2790 debet
328 2729 362 2790 et
378 2723 635 2790 innumerabiles
652 2741 757 2787 annos
778 2728 813 2787 et
830 2729 987 2803 quantam
1009 2729 1045 2788 tn
1061 2723 1197 2790 mereris
1214 2723 1378 2790 aetatem!

205 2832 291 2897 Men.
323 2852 353 2914 p.
379 2837 461 2896 368:
496 2831 639 2912 Δέχεται
674 2828 711 2892 δὲ
747 2829 790 2892 ad
826 2835 991 2914 προοίμια
1025 2834 1086 2896 τοῦ
1121 2829 1219 2912 λόγου
1252 2832 1309 2893 καί
1344 2830 1378 2894 ἐκ

206 2938 482 3020 παραδειγμάτων
505 2935 670 3019 ἀορίστων
693 2935 846 3010 α’πίστως
869 2935 1035 3021 αὐξήσεις.

294 3043 449 3109 Videmus
484 3043 588 3127 igitur
623 3043 854 3110 Mamertinum
894 3044 927 3108 in
963 3047 1024 3110 hoc
1059 3046 1168 3128 capite
1204 3066 1245 3112 ne
1280 3064 1378 3112 unam

206 3150 334 3231 quidem
369 3150 534 3233 propriam
571 3150 771 3216 sententiam
806 3150 989 3231 addidisse,
1033 3153 1091 3217 sed
1123 3158 1228 3220 totum
1260 3174 1277 3219 e
1309 3155 1377 3218 Me·

206 3257 332 3322 naudro
349 3258 500 3340 pendere.
524 3259 637 3338 Neque
653 3257 760 3323 minus
776 3257 809 3322 in
824 3258 1038 3340 sequentibus
1055 3260 1220 3342 capitibus
1237 3259 1377 3345 (4-12)

205 3365 421 3430 Menandrum
454 3371 587 3430 secutus
619 3371 680 3431 est.
731 3364 902 3431 Laudibus
934 3365 1019 3431 enim
1050 3365 1146 3433 effert
1176 3387 1230 3432 res
1261 3373 1377 3450 gestas

206 3471 411 3552 Maximiani,
444 3472 484 3537 de
515 3472 633 3554 quibus
663 3474 779 3538 rhetor
809 3474 891 3538 baec
914 3473 1076 3556 praecipit
1108 3472 1152 3557 (p.
1178 3472 1275 3558 372):
1311 3473 1378 3548 Τὰς

206 3579 361 3652 τοιαύτας
376 3584 488 3642 τοίνυν
505 3580 688 3664 διαιρήσεις
712 3579 853 3661 πράξεις
870 3580 961 3662 δίχα,
986 3579 1031 3652 εἴς
1048 3604 1083 3642 τε
1099 3579 1142 3642 τὰ
1157 3579 1228 3643 κατ’
1246 3579 1378 3667 εἰρήνην

205 3683 326 3747 καὶτὰ
350 3685 434 3748 κατὰ
459 3684 617 3767 πόλεμον.
664 3686 818 3752 Celebrat
850 3687 978 3768 quidem
1003 3688 1220 3753 Mamertinus
1251 3687 1284 3752 in
1317 3689 1378 3753 hoc

205 3792 406 3875 panegyrico
431 3794 520 3859 solas
544 3812 598 3859 res
622 3793 656 3858 in
672 3794 757 3858 bello
775 3798 900 3877 gestae,
925 3800 1035 3860 tamen
1052 3813 1125 3859 eum
1141 3794 1175 3859 in
1191 3794 1378 3875 insequenti

205 3899 406 3982 panegyrico
434 3900 644 3983 genethliaco
668 3900 826 3982 imprimis
854 3921 908 3966 res
936 3901 970 3966 in
993 3921 1075 3984 pace
1099 3907 1214 3984 gestas
1239 3920 1377 3968 narrare

205 4006 397 4074 videbimus.

294 4115 433 4180 Praeter
456 4116 542 4180 hano
566 4113 792 4197 dispositionis
815 4121 943 4197 partem
960 4114 1177 4182 Mamertinus
1201 4115 1301 4180 etiam
1326 4114 1376 4181 bis

207 4218 331 4287 duobus
354 4222 541 4305 praeceptis
568 4221 739 4287 Menandri
763 4241 842 4288 usus
871 4229 923 4288 est
950 4243 1026 4305 pag.
1052 4229 1131 4289 372:
1161 4222 1217 4285 δεῖ
1233 4219 1295 4303 γὰρ
1319 4219 1378 4294 τὰς
