3352 4996
705 429 928 509 ἑκιχ..

363 640 398 705 Si
421 639 550 720 ιιιειιιίε,
575 640 603 704 si
625 659 731 722 prava
755 639 856 722 cupis,
881 638 909 704 si
934 638 1063 703 duceris
1087 637 1146 718 ira,

288 793 291 800 ·
363 746 499 813 Servilii
523 746 650 828 patiere
674 746 802 829 iugum3
827 745 985 811 tolerabis
1009 744 1140 826 iniquas

363 852 508 920 Interius
532 855 633 936 leges,
680 854 772 920 Tunc
796 852 904 918 omnia
924 853 998 935 jure
1022 851 1160 932 tenebia

363 961 440 1026 (lum
466 959 589 1042 poteris
612 979 672 1025 rex
695 978 769 1025 esse
793 959 851 1025 tul.

319 1104 434 1185 SyneS.
455 1105 474 1168 l.
491 1103 528 1168 l.:
550 1101 725 1165 Ἐντεῦθεν
747 1101 784 1164 δὲ
801 1099 865 1186 ἤδη
890 1099 969 1182 παρ’
986 1101 1108 1164 ἑαυτοῦ
1132 1099 1257 1182 προιών
1275 1100 1291 1161 ὁ
1308 1106 1403 1182 βασι-

229 1210 302 1284 λεύς
334 1210 477 1292 πρώτοις
511 1208 699 1284 ἓντεύξεται
731 1212 801 1281 τοῖς
826 1208 931 1281 πέλοις
954 1232 990 1269 τε
1020 1209 1075 1269 καῖ
1100 1207 1223 1290 φίλοις,
1255 1206 1333 1288 μεθ’
1359 1198 1403 1270 ὧν

229 1317 441 1380 συνεστώτων
472 1318 549 1401 περὶ
580 1321 646 1379 τῶν
678 1311 762 1378 ὅλων
793 1314 1018 1397 βουλεύσεται.
1069 1314 1213 1386 Τούτους
1246 1318 1407 1396 προσερεῖ

228 1423 356 1507 φίλους,
382 1421 420 1486 ού
443 1423 760 1507 κατειρωνευόμενος
783 1425 843 1486 τού
868 1420 1040 1503 ὀνόματος.

318 1556 431 1621 Claud.
456 1576 509 1622 vv.
534 1561 598 1620 278
624 1561 658 1620 et
683 1562 740 1621 79:

361 1663 430 1727 Neu
456 1661 553 1726 dubie
578 1668 751 1745 suspectus
776 1682 860 1745 agas
885 1681 945 1726 ueu
973 1661 1077 1726 falsus
1103 1662 1215 1727 amicis

361 1769 580 1835 Rumorumve
605 1769 731 1834 aviduS.

320 1903 434 1984 SylleS.
452 1922 478 1967 c,
499 1908 555 1967 13:
582 1903 645 1964 Καὶ
662 1907 710 1974 τίς
727 1901 911 1986 ἐχυρώτερα
934 1902 1089 1985 βασιλεία
1113 1906 1171 1985 της
1195 1899 1286 1983 ἐ’ρωτι
1305 1926 1402 1964 τετει-

228 2010 402 2094 χισμένης,·

316 2144 428 2210 Claud.
452 2163 505 2211 vv.
531 2150 591 2208 281
619 2150 653 2209 et
677 2150 736 2208 82:

359 2252 431 2316 Non
457 2251 504 2317 sic
528 2252 696 2330 excubiae,
721 2270 784 2315 nou
811 2251 1061 2316 cileumstaulia
1085 2251 1152 2332 pila

360 2358 463 2440 Quam
488 2363 620 2423 tutatur
644 2378 743 2424 amor.

319 2501 434 2582 SylleS.
460 2521 485 2566 ο.
511 2507 546 2566 6:
569 2499 647 2562 Ἀλλ’
673 2498 707 2574 ὃς
730 2500 791 2582 μὲν
815 2497 858 2564 ἀν
883 2500 1004 2564 ἑαυτὸν
1028 2503 1194 2585 συντάττῃ
1218 2504 1263 2581 τῷ
1288 2523 1401 2584 μαινο-

227 2608 313 2688 μένῳ
348 2611 412 2668 τῶν
448 2606 638 2688 ἀρχομένων
672 2606 761 2689 καλῶ
791 2610 846 2671 καῖ
878 2608 980 2692 ἐθέλῃ
1012 2611 1171 2689 μοχθεῖν,
1210 2605 1263 2670 ἵνα
1295 2606 1401 2694 μηδὲν

228 2713 361 2786 ἐκείνοις
384 2706 597 2800 ᾗμοχθηρδν
620 2715 674 2776 καὶ
699 2716 977 2795 προκινδυνεύειν,
1004 2712 1059 2777 ἵνα
1076 2713 1129 2776 ἐπ’
1146 2713 1261 2787 ἀδειάς
1285 2713 1401 2776 ἐκεῖνον

225 2820 399 2902 βιοτεύωσι
434 2822 488 2884 καὶ
522 2818 700 2902 ἀγρυπνεῖν
737 2823 791 2884 καῖ
828 2825 1074 2885 συνεστιᾶσθαι
1116 2825 1306 2903 μερίμναις,
1348 2817 1402 2883 ἵνα

226 2926 348 3008 νύκτωρ
372 2929 425 2989 καὶ
449 2924 528 3008 μεθ’
554 2925 683 3009 ἡμέραν
708 2928 895 3008 σχολάζωσι
920 2929 1100 3008 δυσχερῶν,
1130 2919 1226 2999 οὗτος
1252 2925 1340 2989 ἔστιν
1367 2927 1401 2989 ἐν

226 3035 409 3116 προβάτοις
432 3032 494 3114 μὲν
518 3033 655 3117 ποιμην,
680 3033 715 3096 ε”ν
739 3033 935 3118 ἀνθρώποις
960 3032 995 3097 δὲ
1020 3034 1186 3116 βασιλεύς.

316 3167 429 3235 Claud.
454 3188 508 3235 vv.
534 3174 599 3233 294
624 3187 706 3250 seq.:

358 3275 406 3340 Tu
432 3275 534 3341 civem
559 3280 751 3357 patremque
775 3293 883 3357 geras,
907 3280 944 3340 tu
969 3276 1101 3340 consule
1126 3275 1264 3355 cunctis,

359 3382 429 3446 Non
454 3381 525 3462 tibi,
549 3401 609 3448 nec
633 3388 691 3447 tua
716 3387 749 3447 le
772 3387 937 3460 moveant,
963 3381 1020 3446 sed
1043 3382 1175 3464 publiea
1199 3388 1288 3448 vola.

315 3525 430 3606 SyneS.
463 3544 532 3607 cap.
558 3531 616 3590 31:
644 3525 698 3598 Ὡς
729 3523 863 3588 πολλῶν
895 3521 1013 3603 ὄντων,
1047 3522 1069 3586 ἃ
1098 3525 1240 3588 δέδωκεν
1273 3524 1289 3584 ὃ
1319 3526 1401 3599 θεὸς

225 3629 379 3714 βασιλείᾳ
416 3630 544 3716 ζηλωτά
578 3634 634 3694 καὶ
669 3631 833 3714 μακάρια,
874 3629 1009 3704 ούδενὸς
1044 3623 1159 3714 ἧττον,
1203 3629 1233 3694 εἰ
1265 3630 1308 3714 μη
1345 3634 1399 3694 καῖ

226 3734 351 3808 παντὸς
382 3735 510 3817 μᾶλλον
542 3735 710 3824 ἀγασθείη
742 3761 790 3810 τις
821 3733 862 3798 ἀν
893 3737 995 3819 αὐτῆς
1022 3738 1077 3800 καὶ
1102 3736 1257 3820 ύμνησειε
1280 3737 1340 3821 την
1365 3736 1400 3801 ἓν

225 3845 296 3913 ταῖς
330 3845 452 3926 ψυχαῖς
484 3847 549 3906 τῶν
574 3840 764 3924 ἀρχομένων
797 3840 908 3923 ἰσχύν,
941 3835 990 3905 ὅτι
1018 3847 1219 3928 μετατίθησι
1244 3841 1400 3924 βασιλεύς

226 3947 333 4022 δόξαν
358 3943 465 4029 ἤθους
490 3944 725 4032 ἐγκεκαυμίνην
750 3945 822 4011 lua
843 3948 977 4030 παλαιῷ
999 3949 1054 4011 καὶ
1078 3952 1185 4034 τροχῇ
1209 3953 1249 4034 τῇ
1274 3951 1398 4034 πρώτῃ,

224 4058 269 4136 τῷ
293 4058 480 4137 φαίνεσθαι
503 4053 664 4116 τάναντία
688 4059 790 4136 τιμῶν
817 4057 872 4116 καί,
896 4056 973 4137 περὶ
999 4054 1158 4117 πλείστου
1182 4055 1398 4135 ποιούμενος·

224 4152 288 4243 ὅτῳ
311 4161 371 4243 γάρ
395 4159 551 4242 βασιλεύς
574 4167 696 4243 χαίρει,
728 4159 815 4223 τοῦτ’
840 4157 940 4233 εύθύς
966 4157 1079 4236 αύξειν
1104 4160 1226 4248 ἀνάγκη
1250 4162 1304 4224 καὶ
1330 4160 1397 4224 ύπδ

225 4264 389 4330 πλείστων
414 4265 685 4352 ἐπιτηδεύεσθαι.

1221 4395 1240 4446 4
