3352 4996
770 320 900 396 ..30
949 364 989 376 ..

383 525 496 590 Claud.
521 525 575 590 lib.
600 526 643 591 ΙΙ.
667 545 720 592 vv.
748 525 863 608 13l14:

560 633 732 698 Premor
755 632 831 696 hinc
855 631 984 712 odiis,
1008 632 1084 697 hinc
1108 631 1210 697 milite
1235 631 1357 716 cingor.

426 739 501 804 Heu
525 737 600 820 quid
626 738 749 822 agam?

381 847 454 911 Pac.
480 865 505 912 c.
531 851 589 911 38:

292 951 388 1037 ‘Quid
410 972 489 1035 ergo
506 952 626 1020 faciam
642 952 731 1018 inter
747 972 839 1018 arma
863 957 897 1018 et
922 951 1018 1017 odia
1041 951 1192 1017 medius?
1217 958 1348 1035 atergo
1372 971 1464 1034 prc-

292 1079 376 1124 mor
399 1059 559 1140 hostibus,
584 1079 604 1124 a
628 1060 737 1125 fronte
763 1057 972 1126 criminibus!

382 1184 493 1251 Claud.
518 1204 571 1252 vv.
596 1191 636 1250 87
663 1191 697 1250 ct
721 1191 779 1250 88:

424 1293 507 1357 Nam
531 1291 659 1358 miseris
683 1311 744 1357 ricc
767 1292 878 1357 flere
902 1290 1030 1373 quidem
1055 1297 1114 1357 aut
1137 1290 1274 1356 lenire
1299 1291 1442 1357 dolorem

425 1398 601 1479 Colloquiis
625 1399 755 1481 impune
779 1399 895 1465 licet.

382 1525 458 1591 Pac.
482 1544 508 1590 c.
533 1529 592 1589 25:

291 1633 355 1717 ‘Ita
379 1631 485 1696 fleri
509 1650 572 1696 non
602 1631 724 1697 licebat
756 1632 879 1697 amissa
902 1636 991 1696 metu
1014 1627 1222 1712 reliquorum’
1247 1636 1281 1696 ct
1304 1649 1378 1695 mox
1402 1636 1464 1714 ‘est

292 1738 424 1819 aliquod
449 1738 676 1804 calamitatum
693 1738 1027 1804 delenimentum
1051 1738 1182 1804 dedisse
1198 1737 1352 1802 lacrimas
1368 1736 1463 1802 malis

291 1852 325 1912 et
348 1852 464 1928 pectus
488 1847 621 1912 laxasse
646 1844 816 1929 suspiriis!

380 1971 491 2038 Claud.
516 1991 569 2039 vv.
595 1978 636 2036 98
662 1978 695 2037 et
720 1978 778 2036 99:
805 1990 807 1994 ·

423 2079 496 2146 Vel
521 2080 639 2145 solus
664 2085 796 2161 sperate
819 2079 934 2145 venii
981 2080 1027 2143 Te
1050 2078 1176 2160 proelia
1202 2078 1272 2145 viso

423 2187 658 2270 Languescent
682 2187 836 2267 avidique
860 2186 958 2251 cadet
982 2186 1147 2252 dementia
1170 2186 1318 2251 monstri.
1415 2193 1418 2200 ’

378 2295 454 2360 Pac.
480 2314 506 2359 c.
532 2299 589 2359 30:

289 2438 342 2485 ι-
365 2406 400 2466 et
431 2406 464 2466 te
496 2400 633 2481 quidem,
665 2400 845 2482 imperator
870 2402 1029 2483 Anguste,
1062 2400 1104 2466 ad
1135 2400 1359 2466 asserendam·
1380 2418 1460 2464 rem·

289 2507 452 2590 publicam
484 2506 769 2590 usurpandamque
801 2507 975 2574 victoriam
1008 2506 1194 2572 suffecisset
1225 2506 1258 2571 in
1283 2507 1370 2571 bella
1394 2506 1461 2572 vel

289 2614 423 2679 solum
447 2611 614 2680 venire'

377 2721 489 2786 Claud.
515 2740 567 2787 vv.
590 2725 655 2786 446
680 2726 715 2786 ct
738 2726 819 2786 447:

422 2827 656 2909 Adspiciat
680 2827 827 2908 quisquis
851 2828 983 2893 nimium
1009 2829 1142 2892 sublata
1166 2827 1320 2893 secundis

422 2934 514 3000 Colla
537 2934 633 3017 gerit.

378 3043 455 3109 Pac.
481 3062 507 3107 o.
531 3046 592 3106 45:

289 3147 454 3233 ‘Quisquis
468 3147 634 3230 imponere
648 3148 750 3231 capiti
763 3150 913 3215 diadema
927 3149 1154 3215 meditabitur:
1173 3151 1323 3216 avulsum
1340 3149 1460 3214 umeris

287 3254 423 3319 Maximi
447 3260 545 3336 caput
570 3261 604 3320 ct
628 3255 699 3320 sine
723 3255 852 3321 nominc
876 3275 993 3338 corpus
1018 3254 1233 3338 aspiciat!

377 3378 488 3444 Claud.
514 3379 664 3446 debello
690 3379 776 3446 Gild.
802 3401 831 3447 v.
860 3385 914 3446 13:

420 3486 658 3566 Rumorcmque
682 3486 733 3552 sui
757 3487 985 3568 praevenit
1010 3488 1124 3552 laurea
1147 3487 1235 3552 belli.

376 3609 474 3676 Mam.
499 3609 644 3692 genethl.
669 3612 756 3676 Max.
783 3632 808 3678 c.
834 3618 867 3676 8:

285 3752 338 3801 ι-
363 3734 447 3796 quac
470 3735 530 3783 vos
555 3722 675 3782 conata
699 3723 752 3783 est
775 3717 1036 3799 praevenire
1060 3718 1181 3783 famam
1205 3715 1459 3799 praenuntiatis?

375 3840 487 3907 Claud.
511 3840 544 3905 in
570 3841 705 3923 Eutrop
733 3841 788 3908 lib.
812 3844 837 3907 I.
862 3861 915 3909 vv.
941 3849 1130 3909 nor-209:

769 3949 961 4014 Certantum
986 3969 1085 4032 saepe
1109 3951 1245 4017 duorum

419 4054 593 4120 Diversum
618 4056 792 4137 suspendit
816 4075 914 4138 onus3
939 4077 1012 4122 cum
1034 4059 1221 4139 pondere
1242 4057 1344 4141 judex

421 4158 546 4242 Vergit,
571 4167 605 4226 et
628 4162 661 4226 in
686 4162 835 4245 geminas
859 4169 988 4229 liutet
1011 4164 1181 4246 provincia
1204 4165 1362 4229 lances,
