3352 4996
285 1856 435 1992 Birtius,
465 1917 661 1993 praeceptor
684 1929 775 1977 meus
800 1909 1048 1991 dilectissimus,
1079 1910 1113 1975 in
1136 1911 1219 1976 libro
1244 1912 1296 1977 oui
1319 1912 1367 1976 in·

197 2017 332 2100 scripsit
355 2019 457 2104 ,Duae
479 2017 604 2083 satirae
625 2017 780 2100 politicae
796 2019 920 2084 Romae
937 2016 1071 2084 veteris’
1094 2037 1169 2101 pag.
1187 2019 1370 2085 XXXVHI

196 2125 343 2194 breviter
377 2133 486 2192 monet
518 2125 732 2191 Claudianum
768 2125 800 2190 in
837 2125 1036 2190 carminibus
1069 2126 1299 2207 componendis
1335 2133 1370 2191 et

197 2234 337 2299 dilucide
362 2233 548 2299 consentire
581 2239 680 2314 atque
705 2233 904 2298 concordare
933 2252 1004 2298 eum
1029 2232 1203 2297 Menandri
1226 2233 1368 2298 rhetoris

196 2341 382 2423 praeceptis
406 2347 441 2406 et
465 2341 550 2423 apud
575 2341 712 2405 eundem
735 2346 867 2422 poetam
891 2339 1037 2423 vestigia
1060 2340 1219 2419 inveniri,
1252 2339 1368 2420 quibus

196 2449 287 2514 illum
304 2448 523 2531 panegyricos
540 2447 700 2512 sermonis
716 2447 881 2528 pedestris
902 2453 936 2512 et
952 2446 1075 2512 latinos
1092 2453 1126 2512 et
1142 2467 1281 2530 graecos
1297 2447 1367 2511 imi-

196 2555 325 2621 tatione
341 2553 545 2636 expressisse
567 2559 736 2636 appareat,
762 2554 918 2634 additque
938 2554 972 2618 in
989 2554 1204 2619 adnotatione
1226 2560 1367 2619 arecto·

196 2662 287 2727 ribus
312 2660 479 2727 seminarii
494 2659 653 2744 philologi
669 2661 918 2744 Marpurgensis
943 2680 1028 2726 anno
1045 2660 1369 2727 MDCCOLXXXVI

197 2767 423 2850 quaestionem
447 2766 577 2849 publice
602 2767 801 2849 propositam
827 2785 909 2846 esse,
942 2785 1006 2847 qua
1030 2768 1070 2832 de
1094 2767 1274 2833 Claudiano
1300 2768 1367 2832 Me·

196 2875 314 2940 nandri
338 2875 506 2940 imitatore
530 2874 719 2939 accuratius
743 2874 799 2957 agi
819 2875 946 2957 Jussum
972 2879 1032 2939 est.
1072 2874 1158 2940 Huic
1182 2874 1368 2954 quaestioni

197 3003 217 3047 a
240 2982 384 3065 Georgio
405 2982 556 3061 Webero‚
581 2980 747 3045 seminarii
772 2981 887 3061 sodali,
911 3000 1012 3063 opera
1036 2982 1283 3046 accommodata
1306 2987 1367 3060 est,

197 3090 254 3154 sed
279 3094 396 3154 auctor
417 3087 557 3167 iuvenis,
586 3092 763 3168 antequam
788 3087 1056 3153 dissertationem
1081 3089 1202 3166 ederet,
1232 3088 1368 3153 devita

197 3195 350 3260 decessit.
397 3193 613 3276 Quamobrem
645 3213 704 3261 nos
729 3195 835 3259 denuo
868 3195 908 3258 ad
941 3196 1026 3259 hano
1055 3195 1280 3275 quaestionem
1309 3215 1366 3277 ag·

197 3301 304 3385 gressi
343 3301 542 3367 carminibus
577 3301 750 3366 Claudiani
789 3320 860 3367 cum
897 3301 1070 3366 Menandri
1108 3302 1294 3384 praeceptis
1334 3311 1368 3367 et

196 3408 408 3492 panegyricis
436 3427 554 3491 prosae
578 3407 739 3473 orationis
763 3408 963 3490 comparatis
991 3408 1025 3472 in
1050 3409 1158 3491 eapite
1182 3411 1288 3474 altero
1313 3410 1367 3474 de-

196 3522 381 3581 monstrare
406 3515 517 3581 conati
541 3533 661 3594 sumus,
685 3534 750 3596 qua
773 3514 903 3579 ratione
927 3514 1127 3580 Claudianus
1152 3516 1366 3580 eMenandro

196 3621 348 3703 pendeat,
372 3621 405 3684 in
423 3620 531 3703 capite
548 3620 657 3701 tertio,
682 3621 839 3702 quomodo
856 3620 939 3685 idem
961 3621 1111 3686 imitatus
1129 3621 1173 3686 sit
1189 3621 1367 3702 scriptores

196 3726 469 3810 panegyricorum
493 3727 693 3809 pedestrium
717 3727 849 3806 latinos
872 3727 905 3792 in
931 3728 1039 3809 capite
1056 3735 1184 3808 quarto,
1208 3728 1366 3810 quomodo

196 3833 376 3916 scriptores
411 3834 554 3915 eJusdem
591 3835 723 3916 generis
754 3853 902 3916 graecos.
954 3834 1058 3917 Quam
1090 3835 1132 3899 ad
1163 3854 1231 3899 rem
1262 3834 1365 3916 ipsam

195 3939 385 4022 priusquam
407 3939 594 4022 aggrediar,
618 3941 705 4006 haud
722 3940 839 4005 inutile
863 3941 927 4005 erit
950 3940 983 4005 in
1001 3941 1110 4022 eapite
1126 3941 1228 4023 primo
1252 3941 1367 4023 paucis

195 4065 371 4130 exponere,
411 4065 476 4126 qua
513 4046 644 4111 ratione
679 4046 895 4112 Mamertinus
929 4047 1092 4112 Nazarius
1126 4048 1272 4112 Pacatus
1310 4047 1368 4113 alii

196 4152 369 4218 Menandri
400 4152 586 4234 praeceptis
622 4151 673 4216 usi
705 4152 872 4218 orationes
905 4153 1146 4235 composuerint
1181 4159 1281 4234 atque
1312 4173 1366 4218 ex·

197 4259 397 4326 ornaverint.
