3352 4996
669 397 886 467 ,μά

192 596 339 680 μὲνγὰρ
364 590 448 661 ούτω
479 595 522 660 τὰ
554 594 696 679 γαστρός
719 594 888 680 ἐγκρατὴς,
920 600 969 668 τίς
1000 593 1039 660 δὲ
1063 595 1285 678 ἀφροδισίων,
1317 595 1367 669 τίς

192 703 230 769 δὲ
254 708 320 767 τῶν
346 701 454 768 ἄλλων
477 703 608 785 ἡδονῶν
615 728 628 781 ,·

281 811 394 878 Claud.
418 831 472 878 vv.
500 814 689 876 138—144:

324 919 388 984 Illa
413 917 472 1004 (se.
489 916 650 1000 luxuries)
675 918 882 999 voluptatum
906 918 1028 982 multos
1051 917 1204 982 innexuit
1228 916 1350 983 hamis:

326 1027 372 1091 Te
396 1045 560 1106 nunquam
586 1030 707 1090 conata
731 1024 829 1107 capit.
875 1025 947 1090 Non
971 1043 1077 1106 prava
1100 1023 1201 1089 libido

326 1132 457 1215 Stupris
481 1132 661 1215 advigilat3
685 1151 749 1196 non
774 1137 924 1214 tempora
947 1149 1081 1196 somnus
1106 1131 1227 1214 agendi

324 1241 540 1321 Frustratur3
565 1240 654 1304 nullo
679 1238 828 1305 citharae
853 1237 1007 1306 convivia
1031 1244 1141 1318 cantu,

278 1335 279 1338 ¹
324 1349 396 1412 Non
420 1346 514 1430 pueri
537 1347 666 1413 lasciva
690 1352 821 1412 sanant.
868 1345 948 1428 Quis
973 1365 1107 1411 eernere
1131 1345 1218 1411 euris

324 1456 370 1520 'lle
395 1464 534 1521 vacuum
559 1453 693 1536 potuit?
740 1453 821 1536 Quis
845 1458 919 1518 tota
942 1459 1052 1518 mente
1075 1453 1245 1519 remissurn

325 1565 393 1626 Aut
416 1560 643 1644 indulgentem
667 1559 831 1642 dapibus?

281 1666 384 1733 Arist.
410 1664 568 1749 ἐγκώμιον
590 1666 707 1752 Ρώμης
730 1687 760 1748 p.
786 1672 866 1731 347:
895 1663 979 1730 Ούτε
1001 1665 1063 1751 γὰρ
1088 1666 1192 1752 ἐκείνη
1217 1666 1277 1753 (se.
1301 1666 1366 1730 θό-

191 1774 313 1858 λαττα)
344 1775 464 1854 μείζων
495 1771 563 1837 ύπό
595 1776 654 1856 τῆς
686 1772 827 1857 ἐμβολῆς
856 1775 921 1835 τῶν
944 1777 1106 1855 ποταμῶν
1130 1777 1270 1856 γίγνεται
1295 1826 1302 1840 .
1327 1827 1333 1840 .
1359 1825 1365 1840 .

192 1874 304 1963 ὥσπερ
334 1878 372 1944 δὲ
397 1878 430 1943 οἱ
456 1883 525 1953 τοῖς
554 1879 691 1952 κόλποις
723 1879 897 1961 δεχόμενοι
928 1880 1043 1942 πάντα
1075 1873 1177 1952 οὕτως
1206 1881 1367 1966 κρύψασα

191 1984 259 2068 ἔχει
283 1987 437 2062 ἐξιόντων
460 1988 515 2050 καὶ
539 1984 720 2065 εἰσιόντων,
746 1985 801 2072 ἴση
826 1978 910 2050 οῧσό
936 2009 971 2049 τε
993 1988 1049 2049 καὶ
1072 1987 1266 2072 φαινομένη.

281 2095 392 2161 Claud.
416 2095 449 2159 in
473 2094 580 2161 Rufin.
604 2095 625 2160 l.
649 2094 674 2160 Ι.
699 2113 751 2161 vv.
780 2099 947 2159 183-86:

325 2204 374 2268 Aa
398 2203 490 2269 velut
514 2202 701 2267 innumeros
727 2219 839 2267 amnes
864 2202 1022 2267 accedere
1045 2202 1170 2266 Nereus

322 2309 437 2376 Nescit
461 2316 495 2375 et
520 2309 700 2374 undantem
724 2308 874 2389 quamvis
899 2309 974 2374 hine
996 2308 1131 2374 hauriat
1155 2307 1315 2390 Histrum,

322 2417 409 2482 Hine
432 2417 527 2481 bibat
550 2416 714 2483 aestivum
739 2422 876 2498 septeno
901 2414 1035 2499 gurgite
1059 2416 1176 2497 Nilum,

324 2525 391 2588 Par
414 2542 542 2605 semper
565 2523 746 2604 similisque
770 2530 891 2591 manet.

278 2630 380 2696 Arist.
402 2632 422 2696 l.
439 2632 458 2696 l.
475 2652 505 2713 p.
523 2636 604 2696 325:
628 2635 726 2694 τοῦτο
751 2633 809 2693 νῦν
833 2629 1021 2717 ἐξενίκησεν
1044 2628 1173 2715 ἀληθὲς
1196 2621 1281 2694 εἶναι
1304 2630 1366 2715 τήν

191 2736 266 2822 ἴσην
289 2761 324 2799 τε
350 2735 445 2822 ἡλίου
477 2741 617 2818 πορείαν
648 2728 733 2800 εἶναι
755 2740 871 2821 κτῆσιν
902 2736 1063 2820 ὑμετέραν
1094 2736 1154 2800 τόν
1184 2729 1277 2820 ἥλιον
1309 2735 1365 2800 διὰ

188 2846 246 2925 τῆς
269 2841 430 2928 ύμετέρας
455 2843 674 2924 πορεύεσθαι.

278 2950 391 3017 Claud.
415 2952 455 3017 de
479 2952 564 3016 bello
590 2950 676 3018 Gild.
700 2953 720 3018 l.
745 2953 771 3017 I.
797 2971 826 3018 v.
850 2956 910 3017 48:

378 3095 422 3110 -—
446 3059 488 3124 ad
512 3060 613 3124 solem
639 3059 761 3124 viatrix
786 3064 960 3140 utrumque
984 3058 1112 3124 cucurri
1137 3057 1197 3142 (sc.
1214 3059 1342 3143 Roma).

277 3165 380 3231 Arist.
404 3167 482 3247 περὶ
507 3164 663 3246 ὁμονοίας
685 3169 758 3238 ταῖς
786 3164 928 3228 πόλεσιν
957 3186 987 3247 p.
1013 3172 1093 3231 782:
1120 3203 1159 3214 -
1186 3164 1361 3240 ἀκούοντες

189 3269 227 3334 δὲ
259 3263 353 3354 ἥλιον
383 3270 613 3357 κρυπτόμενον
642 3275 711 3345 τοῖς
741 3271 924 3353 τοξεύμασι
954 3273 1009 3335 καί
1041 3271 1213 3353 ποταμούς
1244 3270 1365 3335 ἐπιλεί-

190 3400 319 3450 ποντας
342 3383 479 3442 πίνουσι
502 3381 570 3453 τοῖς
594 3377 728 3442 ἐπιοῦσι
751 3413 795 3424 -

278 3484 390 3551 Claud.
414 3484 449 3549 in
472 3484 547 3550 Ruf.
572 3484 591 3551 l.
615 3485 658 3550 Π.
682 3504 736 3551 vv.
764 3490 931 3550 luo—22:

321 3591 420 3667 Haud
445 3591 544 3656 aliter
566 3591 701 3657 Xerxen
725 3597 797 3656 toto
823 3591 918 3656 simul
943 3592 1021 3656 orbe
1046 3597 1180 3657 secutus

322 3697 487 3763 Narratur
510 3698 661 3779 rapuisse
685 3717 791 3781 vagos
816 3697 983 3764 exereitus
1008 3717 1120 3764 amnes

321 3803 367 3868 Et
390 3803 467 3870 telis
492 3806 662 3870 umbrasse
686 3804 780 3871 diem.

275 3909 379 3977 Arist.
403 3911 424 3978 l.
447 3911 468 3978 l.
492 3932 522 3994 p.
548 3915 628 3977 794:
655 3947 694 3958 -
721 3910 796 3974 ἐπεὶ
819 3912 875 3975 καὶ
899 3909 958 3975 τόν
989 3911 1104 3976 πάντα
1135 3910 1278 3995 οὐρανόν
1309 3915 1364 3976 καὶ

184 4018 323 4100 κόσμον,
350 4015 384 4092 ὃς
399 4016 439 4082 τό
455 4016 635 4084 κάλλιστον
659 4015 821 4081 ἁπάντων
842 4021 955 4102 σχῆμα
969 4019 1025 4082 καὶ
1042 4018 1224 4105 πρόσρημα
1239 4018 1364 4106 εἴληφε,

185 4130 246 4203 μία
270 4125 382 4210 δήπου
404 4127 514 4211 γνώμη
538 4125 593 4189 καὶ
617 4122 730 4207 φιλίας
756 4123 894 4204 δύναμις
911 4126 1042 4187 διοικεῖ·
1066 4124 1223 4207 καόμενα
1242 4125 1364 4211 ταύτης

185 4223 277 4316 ἥλιός
299 4255 336 4294 τε
359 4233 539 4314 πορεύεται
562 4230 625 4315 τήν
648 4228 753 4294 αὐτοῦ
777 4230 887 4314 χώραν
912 4229 1088 4313 φυλάττων
1112 4231 1155 4296 δι’
1172 4229 1314 4306 αἰῶνος.
1331 4283 1337 4297 .
1357 4284 1363 4299 .
