3352 4996
787 426 918 484 -pp
970 457 1008 466 ,-

642 621 799 703 Magnum
824 620 902 686 mihi
925 620 1082 702 panditur
1106 640 1266 702 aequor

446 729 588 810 Ipsaque
611 726 738 792 Pierios
762 729 892 793 lassant
915 727 1076 810 proclivia
1101 747 1216 794 currus

447 833 616 900 Laudibus
639 834 818 899 innumeris

314 941 346 1005 in
372 961 434 1022 qno
459 943 540 1006 haee
565 942 627 1006 duo
657 948 835 1024 praecepta
859 941 1040 1024 expressit:
1072 933 1186 1026 ὥσπερ
1210 941 1247 1005 δὲ
1271 942 1483 1026 πελάγιος

315 1048 457 1130 ἀπείρου
487 1050 555 1120 τοῖς
588 1046 779 1131 ὀφθαλμοῖς
809 1048 932 1131 μίτρον
965 1047 1021 1111 οὐκ
1052 1045 1124 1111 ἔστι
1154 1048 1284 1132 λαβεῖν,
1322 1043 1406 1114 οὕτω
1429 1052 1484 1114 καὶ

313 1154 474 1237 βασιλέως
513 1154 679 1241 εὐφημίαν
717 1153 801 1237 λόγῳ
840 1155 1032 1238 περιλαβεῖν
1072 1154 1109 1218 οὐ
1149 1156 1267 1240 ῥᾴδιον
1309 1164 1344 1223 et
1382 1156 1484 1243 λήψει

316 1260 476 1344 δευτέρων
500 1266 683 1345 προοιμίων
706 1261 835 1336 ε’ννοίας
856 1315 862 1328 .
880 1314 912 1329 ..
935 1261 1005 1326 ἀπὸ
1029 1267 1094 1326 τῶν
1117 1268 1265 1326 Μουσῶν
1290 1263 1408 1345 αὐτῶν,
1435 1258 1484 1328 ὅτι

313 1366 408 1448 μόλις
432 1364 474 1430 ἀν
496 1369 551 1431 καὶ
576 1359 674 1432 αὗται
700 1367 784 1452 πρὸς
808 1368 908 1444 ἀξίαν
936 1373 994 1454 τῆς
1018 1369 1217 1444 ὑποθέσεως
1241 1369 1347 1434 εἰπεῖν
1372 1370 1483 1456 ἐδυνή-

314 1479 438 1559 θησαν.
492 1476 640 1541 Eundem
673 1481 782 1541 autem
819 1477 959 1543 colorem
994 1477 1161 1545 invenisse
1196 1479 1274 1543 mihi
1306 1479 1420 1544 videor
1450 1479 1484 1544 in

315 1583 465 1648 versibus
484 1587 614 1648 24—35
640 1589 739 1664 atque
763 1583 795 1648 in
821 1585 871 1650 his
895 1584 1006 1651 verbis
1031 1585 1220 1651 Menandri:
1246 1579 1319 1648 ὅσοι
1341 1584 1403 1667 μὲν
1427 1579 1484 1649 οὖν

313 1689 484 1771 γεγόνασιν
508 1686 665 1772 ἀρχοντες
688 1693 743 1753 καῖ
767 1689 846 1774 παρ’
862 1690 942 1773 ἡμῖν
965 1692 1020 1754 καὶ
1045 1690 1124 1774 παρ’
1141 1691 1275 1773 ἑτέροις,
1301 1688 1384 1778 ἢτῷ
1400 1693 1485 1774 γένει

314 1796 406 1878 μόνω
439 1798 667 1878 σεμνύνεσθαι
697 1793 822 1871 ’ἔδοξαν
850 1793 870 1882 ἢ
896 1798 1059 1884 φρόνησιν
1087 1797 1340 1882 προύβάλλοντο
1374 1796 1395 1883 ἢ
1419 1805 1484 1864 τοῖν

317 1898 426 1964 ἀλλων
448 1907 529 1983 μιάν
553 1901 699 1986 ἀρεταῖν·
725 1895 821 1977 οὗτος
844 1903 882 1966 δὲ
908 1897 958 1967 ὅτι
982 1909 1027 1987 τῷ
1054 1905 1138 1986 γε’νει
1166 1905 1302 1968 πάντων
1332 1912 1485 1988 κρείττων

317 2008 399 2088 ἐστί,
424 2011 584 2093 καθάπερ
607 2010 662 2072 καὶ
685 2005 808 2093 editor
830 2015 896 2074 τῶν
919 2009 1068 2093 ἀστέρων
1092 2013 1256 2076 δέδεικται
1279 2013 1346 2081 κτλ,
1385 2015 1483 2079 Item·

315 2136 376 2198 que
401 2136 516 2183 versus
541 2123 717 2198 sequentes
742 2117 920 2202 (35-39):

856 2227 903 2290 Ne
928 2226 1020 2291 faeta
1043 2229 1211 2292 revolvam

446 2331 662 2411 Militiamque
686 2332 802 2413 patris,
828 2332 919 2397 euius
943 2334 1123 2414 produeere
1149 2334 1279 2414 sarnam,

449 2436 483 2501 Si
507 2437 587 2502 nihil
612 2438 737 2520 egisset
762 2439 885 2504 olerum
909 2459 970 2505 neo
993 2439 1059 2504 fida
1084 2441 1218 2506 Valenti

448 2545 595 2610 Dextera
619 2545 769 2610 duxisset
792 2546 969 2612 rutilantes
994 2547 1139 2612 crinibus
1164 2548 1245 2628 alas,

450 2651 623 2717 Sufficeret
648 2659 747 2718 natus
773 2653 909 2719 Stilicho

319 2759 361 2823 ad
386 2760 446 2824 hoo
463 2760 636 2824 Menandri
661 2765 830 2841 spectant:
857 2759 916 2823 ido
940 2760 978 2824 δὲ
1003 2757 1128 2836 ἄδοξον
1142 2756 1198 2847 pii}
1220 2761 1346 2835 εὐτελὲς
1370 2761 1429 2846 (se.
1446 2760 1483 2823 τὸ

317 2865 434 2950 γένος),
460 2866 577 2947 μεθεὶς
601 2869 656 2928 καῖ
680 2871 779 2930 τοῦτο
805 2864 863 2930 ἀπ’
888 2867 991 2931 αὐτοῦ
1015 2871 1074 2932 τοῦ
1097 2868 1258 2950 βασιλέως
1289 2867 1349 2953 τὴν
1381 2868 1485 2952 ἀρχὴν

316 2973 450 3056 ποιήσῃ.
518 2973 734 3055 Quamobrem
780 2980 879 3055 poeta
924 2975 1031 3057 patris
1075 2975 1265 3041 Stilichonis
1311 2996 1374 3041 non
1421 2975 1485 3040 nisi

315 3080 429 3162 paneis
451 3079 561 3147 verbis
586 3081 750 3146 mentione
774 3082 866 3147 faeta
889 3081 947 3146 filii
971 3087 1123 3147 naturam
1146 3102 1337 3164 perversus
1355 3088 1485 3148 39-50

317 3188 463 3252 celebrat
504 3193 640 3253 auctore
678 3189 859 3254 Menandro
900 3190 953 3270 qui
988 3191 1098 3272 jubet:
1140 3190 1225 3270 μετὰ
1262 3189 1323 3274 τήν
1360 3189 1485 3273 γένεσιν

317 3293 400 3376 ἐρεῖς
423 3317 454 3356 τι
477 3295 532 3356 καὶ
557 3296 634 3376 περὶ
658 3295 795 3378 φύσεως.
842 3298 954 3378 Neque
982 3297 1088 3363 minus
1120 3297 1152 3361 in
1178 3298 1329 3363 Versibus
1354 3300 1484 3361 64-68

318 3403 379 3466 hoe
410 3403 583 3467 Menandri
614 3409 840 3484 praeceptum:
872 3404 927 3466 καὶ
960 3397 1009 3467 ὅτι
1041 3403 1075 3466 ἑν
1106 3395 1152 3477 οἷς
1184 3403 1380 3468 ῖπαιδείιετο
1415 3403 1484 3465 ιλια-

317 3509 425 3592 φὲρων
449 3514 514 3572 τῶν
537 3509 656 3592 ἡλίκων
683 3508 838 3593 ἐφαίνετο
863 3516 995 3575 secutus
1021 3516 1081 3576 est.

404 3616 506 3681 Adioe
542 3617 626 3696 quod
662 3617 695 3681 in
728 3618 789 3682 hoo
821 3637 947 3698 quinque
981 3618 1182 3700 panegyrico
1217 3619 1272 3684 illo
1307 3622 1484 3700 praecepto

316 3723 458 3788 rhetoris
492 3724 576 3805 quod
607 3731 660 3788 est
690 3724 730 3788 de
762 3724 948 3789 dividendis
979 3726 1076 3790 rebus
1107 3726 1141 3789 in
1172 3727 1257 3790 bello
1289 3732 1323 3791 et
1347 3725 1380 3789 in
1404 3744 1484 3807 paee

316 3830 421 3920 gestis
445 3850 525 3895 usus
554 3851 574 3895 a
598 3850 697 3896 versu
721 3837 762 3896 89
794 3850 897 3912 usque
928 3832 969 3896 ad
1001 3831 1095 3896 finem
1120 3832 1195 3897 libri
1218 3833 1313 3914 primi
1338 3836 1484 3911 enarrat,

317 3956 400 4018 quae
425 3937 560 4002 Stilicho
592 3938 673 4003 foris
707 3943 741 4002 et
771 3939 803 4002 in
836 3938 978 4003 seeundo
1009 3939 1106 4019 libro,
1138 3959 1221 4020 quae
1253 3939 1338 4004 domi
1370 3939 1484 4021 gessit.

316 4045 454 4109 Praeter
484 4046 569 4109 hano
601 4045 848 4127 dispositionem
884 4045 915 4110 in
947 4046 1051 4127 primo
1083 4046 1166 4110 libro
1202 4045 1235 4110 hi
1266 4065 1381 4112 versus
1414 4065 1485 4110 oum

316 4151 497 4216 Menandro
522 4171 584 4216 non
610 4152 812 4219 discordant.

405 4259 480 4322 Meu
517 4252 566 4321 ὅτι
590 4257 843 4340 ἓστενοχωρεῖτο
867 4263 935 4332 τοῖς
959 4263 1024 4321 τῶν
1048 4259 1219 4322 πεσόντων
1244 4256 1407 4339 σώμασιν.
