3352 4996
707 428 927 486 ..37ss

229 637 294 684 non
310 618 400 685 ultra
417 617 562 684 Ciliciam
579 618 779 701 permeavit:
805 618 1009 701 Cyllarus
1033 624 1133 700 atque
1157 618 1291 684 Arion
1315 617 1404 684 inter

229 727 339 808 Argos
370 727 588 806 Ncmeamque
620 732 816 793 senuerunt:
849 726 912 809 ipsi
941 725 1165 792 Castorum
1197 726 1285 808 equi,
1317 726 1403 807 quod

229 831 455 915 longissimum
479 831 544 898 iter
567 839 628 914 est,
661 853 725 899 non
750 833 814 900 nisi
837 839 965 900 mutato
990 839 1124 902 vectore
1148 831 1404 900 transcurrunt!

319 940 431 1005 Claud.
457 959 510 1007 vv.
535 947 598 1005 620
624 945 658 1006 et
683 946 740 1006 21:

863 1013 1052 1079 Praemissa
1076 1013 1243 1080 futuris

362 1101 454 1165 Dant
478 1102 627 1183 exempla
651 1100 791 1167 fidem.

317 1209 396 1274 Nan.
420 1228 446 1274 c.
470 1208 519 1273 H:

229 1353 279 1399 ι-
313 1316 370 1381 sed
406 1334 606 1400 auguramur
640 1317 705 1382 iam
742 1317 930 1384 vicennalia
966 1323 1000 1382 et
1035 1317 1237 1384 venturis
1273 1316 1401 1382 fidem

229 1423 430 1505 superiorum
456 1423 618 1490 felicitate
642 1423 826 1491 sancimus!
892 1473 898 1486 ‚

317 1531 429 1596 Claud.
454 1550 506 1598 vv.
533 1536 594 1597 641
621 1537 655 1598 el
679 1537 738 1597 42:

362 1638 424 1719 sis,
447 1659 572 1720 precor,
596 1639 754 1705 adsiduus
779 1639 893 1705 consul
917 1638 1131 1719 Mariique
1155 1638 1323 1720 relinquas

360 1745 406 1810 Et
431 1746 519 1811 senis
543 1747 733 1829 Augusti
757 1766 934 1812 numerum.

316 1854 440 1920 Auson.
465 1854 483 1919 l.
508 1854 528 1918 l.
553 1874 578 1920 o.
604 1861 640 1920 6:

227 1996 280 2044 4-
304 1965 338 2025 te
363 1960 475 2027 videre
500 1960 631 2043 saepius
656 1961 689 2026 in
713 1963 774 2026 hoo
798 1960 1008 2044 magistratu,
1038 1958 1210 2040 Cretione,
1239 1959 1400 2040 desidero,

227 2073 265 2133 ut
297 2074 331 2132 et
355 2087 413 2132 sex
436 2069 509 2134 Vel.
535 2068 668 2135 Corvini
699 2074 733 2134 et
764 2075 890 2150 septem
915 2067 948 2133 C.
973 2067 1101 2132 Marii
1132 2072 1167 2132 et
1198 2066 1400 2150 cognominis

227 2175 276 2240 tui
300 2175 489 2258 Augusti
514 2176 671 2241 tredecim
696 2177 887 2242 consulatus
911 2195 996 2242 unus
1021 2172 1233 2256 aequipares!

317 2283 428 2348 Claud.
452 2302 570 2366 paneg.
595 2283 711 2348 Manlii
735 2284 856 2348 Theod.
881 2303 934 2349 vv.
960 2288 978 2347 5
1004 2288 1038 2348 et
1062 2288 1098 2347 6:

821 2390 1021 2470 immotaque
1045 2388 1173 2455 cunctis

360 2497 499 2563 Casibus
524 2518 572 2562 ex
596 2498 689 2563 alta
713 2497 866 2562 mortalia
890 2496 1082 2579 despicit
1106 2515 1215 2562 arce.

315 2605 382 2670 Ino.
407 2624 524 2688 paneg.
551 2605 661 2670 Const.
687 2603 775 2689 (IX.)
801 2624 827 2670 e.
852 2610 909 2669 26:

226 2749 275 2795 Γ
303 2711 374 2777 sive
398 2712 509 2793 aliqua
534 2732 634 2794 supra
651 2731 744 2777 omne
762 2713 887 2777 caelum
903 2716 1054 2794 potestas
1072 2729 1116 2790 es,
1141 2729 1225 2791 quae
1241 2711 1303 2774 hoc
1319 2727 1399 2791 opus

226 2829 316 2884 tuum
341 2838 382 2883 ex
407 2819 570 2885 altiore
594 2825 779 2884 naturae
803 2838 900 2884 arce
925 2816 1170 2900 despicias!

316 2925 428 2992 Claud.
452 2947 505 2993 vv.
529 2932 572 2993 40
598 2933 632 2992 et
655 2931 713 2992 41:

360 3034 525 3116 Quidquid
549 3036 621 3100 luce
644 3035 756 3117 procul
781 3053 884 3100 venas
909 3033 1031 3099 rimata
1055 3052 1214 3114 sequaces

359 3141 484 3206 Abdita
507 3141 664 3224 pallentis
689 3141 773 3207 fodit
798 3141 947 3207 sollertia
971 3141 1106 3208 Bessi.

314 3249 391 3314 Pac.
416 3269 441 3314 c.
468 3255 525 3314 28:

227 3393 278 3439 ι-
301 3375 417 3436 parum
445 3355 500 3421 ille
524 3357 704 3438 pretiosum
732 3357 874 3438 putabat
906 3375 1020 3421 aurum
1052 3355 1138 3437 quod
1169 3356 1209 3422 de
1241 3353 1398 3420 montium

226 3462 319 3529 venis
344 3470 403 3528 aut
425 3463 590 3529 fluminum
615 3464 740 3547 glareis
765 3463 933 3544 quaesitor
958 3465 1117 3529 Bessus
1149 3469 1207 3528 aut
1231 3468 1399 3528 scrutator

226 3569 395 3636 Callaicus
421 3568 582 3636 eruisset!

315 3677 427 3744 Claud.
452 3697 482 3745 V.
509 3684 587 3744 115:

528 3790 705 3851 nascentes
729 3785 853 3851 ibant
876 3785 918 3850 in
942 3786 1120 3851 saecula
1143 3784 1228 3851 libri.

314 3890 398 3957 Plin.
423 3912 448 3958 c.
473 3898 531 3958 55:

225 3998 323 4083 ‘Ibit
346 3997 387 4064 in
413 4001 589 4064 saecula
613 4000 716 4066 fuisse
739 3999 919 4082 principem
944 4052 950 4066 .
975 4051 982 4066 .
1007 3997 1024 4066 .'

314 4107 426 4172 Claud.
452 4125 504 4173 vv.
531 4112 593 4172 163
618 4113 652 4172 et
677 4111 736 4172 64:

805 4179 899 4244 Nunc
922 4180 1086 4244 Brutus
1110 4185 1237 4246 amaret

358 4267 478 4333 Vivere
503 4269 563 4332 sub
588 4285 729 4350 regno.
